3025 3608
1147 1300 1920 1374 llfflmfflertntmnnffis

345 1458 422 1527 dc
479 1456 784 1527 vocabulis
833 1458 1172 1529 Homericis
1221 1485 1374 1554 quae
1423 1462 1482 1530 in
1530 1460 1803 1530 alterutro
1852 1460 2109 1530 carmine
2159 1482 2279 1528 non
2331 1458 2722 1527 inveniuntur.

1275 1637 1458 1694 rins
1507 1636 1794 1719 inuria

1397 1816 1665 1823 ————

342 1941 658 2027 Postquam
695 1961 747 2010 in
782 1961 936 2011 altera
970 1962 1113 2030 hujus
1148 1962 1499 2014 dissertationis
1533 1964 1771 2029 particula
1786 1964 2001 2030 gentium
2024 1963 2215 2012 urbium
2240 1962 2499 2028 regionum
2517 1961 2729 2027 epitheta

347 2059 630 2102 enumerata
663 2059 790 2113 sunt,
828 2070 953 2118 quae
987 2053 1039 2102 in
1071 2053 1222 2103 Diade
1257 2053 1405 2120 longe
1439 2054 1769 2121 frequentiora
1803 2072 1909 2104 esse
1944 2072 2088 2120 quam
2133 2055 2184 2102 in
2221 2053 2447 2120 Odyssea
2480 2052 2727 2119 apparuit:

344 2142 408 2191 ad
441 2159 501 2191 ea
533 2160 688 2209 pergo
725 2161 854 2209 qnae
890 2144 1094 2210 singulis
1129 2145 1358 2195 heroibus
1391 2145 1537 2195 tribui
1572 2146 1732 2195 solent
1772 2154 1825 2195 ut
1863 2154 2027 2194 tamen
2062 2145 2207 2193 etiam
2251 2162 2362 2193 cum
2395 2144 2612 2209 gentium
2644 2159 2730 2191 no-

342 2231 553 2281 minibus
571 2235 944 2300 conjungantur.
978 2234 1098 2300 ’Δρη
1114 2236 1305 2300 ι’φιλος
1334 2234 1434 2300 (26,
1458 2235 1507 2302 1)
1531 2235 1756 2285 Menelao
1775 2235 2014 2285 constanti
2034 2252 2126 2284 usu
2153 2234 2415 2300 apponitur
2447 2231 2548 2297 (18,
2566 2249 2594 2280 ο
2614 2230 2730 2297 169)

344 2329 600 2387 praeterea
633 2324 885 2390 Meleagro
919 2326 946 2373 I
981 2327 1079 2375 550
1115 2326 1382 2393 Lycomedi
1420 2327 1457 2375 P
1487 2329 1601 2388 346,
1658 2327 1802 2391 ἀρχὸν
1836 2326 2073 2390 ἀρηίφιλον
2107 2326 2146 2373 Β
2182 2327 2306 2386 778,
2343 2330 2515 2389 quater
2547 2320 2733 2372 Achaei

342 2411 410 2461 ita
444 2419 681 2462 vocantur
715 2410 783 2479 (Π
811 2414 909 2464 303
945 2414 1076 2480 apud
1113 2414 1350 2467 Seberum
1384 2415 1592 2483 excidit).
1653 2415 1938 2482 Ἀρηίθοος
1969 2434 2071 2465 non
2104 2414 2318 2481 positum
2353 2421 2428 2464 est
2461 2411 2556 2462 nisi
2588 2429 2735 2477 gene-

344 2501 445 2550 tivo
479 2501 654 2566 plurali
689 2519 799 2553 cum
834 2504 1012 2568 alsvfflv·
1041 2504 1370 2570 conjunctum,
1423 2507 1504 2568 3,0
1551 2506 1717 2574 (etiam
1752 2507 1784 2554 Δ
1820 2506 1916 2554 280
1952 2505 2144 2554 filerunt
2188 2505 2269 2572 qui
2312 2522 2404 2571 pro
2447 2501 2736 2569 διοτρεφέων

345 2591 517 2656 αἰζηῶν
549 2593 773 2658 legerent
807 2595 1077 2662 ἀρηιθόων).
1147 2598 1208 2644 In
1242 2598 1336 2645 hoc
1369 2599 1498 2646 idem
1532 2616 1687 2664 genus
1722 2600 1899 2647 cadunt
1929 2599 2313 2662 μενεχάρμης
2343 2595 2414 2662 (et
2444 2595 2732 2659 μενέχαρ·

339 2700 451 2745 μος
481 2684 632 2733 semel
665 2687 839 2754 Ξ376)
878 2690 922 2749 7,
960 2689 1006 2749 0,
1043 2687 1174 2754 quod
1209 2688 1355 2738 etiam
1371 2689 1655 2740 Aetolorum
1688 2690 1934 2756 epitheton
1968 2696 2042 2739 est
2069 2688 2095 2737 I
2124 2689 2238 2750 529,
2269 2688 2587 2752 μενεδήιος
2617 2686 2663 2745 2,
2700 2684 2731 2732 0

337 2775 775 2840 μενεπτόλεμος
807 2781 851 2840 8,
893 2782 917 2827 1
957 2776 1005 2843 (γ
1038 2781 1135 2828 442
1167 2782 1515 2843 μενεπτόλεμος
1550 2782 1858 2845 θρασυμήδης
1894 2781 1974 2845 qui
2010 2780 2155 2828 etiam
2192 2779 2240 2828 K
2255 2781 2354 2828 255
2388 2778 2483 2827 hoc
2522 2775 2734 2841 epitheto

344 2864 580 2932 ornatur).
649 2865 761 2918 Alia
795 2888 1062 2935 numquam
1097 2871 1374 2921 nationibus
1409 2873 1742 2936 attribuuntur,
1781 2871 1866 2920 sed
1901 2871 2205 2936 singulorum
2237 2879 2426 2920 tantum
2455 2869 2734 2918 nominibus

346 2954 625 3019 adhaerent,
662 2959 797 3009 velut
832 2962 1163 3026 ἱππηλάτης·
1194 2961 1260 3027 (9,
1282 2963 1332 3028 2)
1365 2963 1416 3010 in
1444 2963 1592 3011 Iliade
1622 2971 1856 3011 vocantur
1875 2962 2075 3029 Tydeus
2094 2961 2267 3010 Peleus
2287 2961 2503 3009 Phoenix
2522 2958 2735 3021 Oeneus,

345 3046 397 3094 in
448 3045 672 3114 Odyssea
723 3050 903 3102 Nestor
956 3069 985 3113 r
1037 3055 1158 3111 436,
1214 3055 1326 3101 440.
1414 3054 1688 3118 Ποὸώκης
1726 3055 1788 3102 29
1810 3091 1821 3113 ,
1871 3054 1899 3101 2
1947 3052 2151 3119 legitur,
2205 3052 2295 3101 loci
2333 3049 2588 3118 Odysseae
2625 3059 2739 3100 sunt

346 3138 372 3185 λ
409 3140 522 3200 471,
561 3140 659 3188 538
695 3138 971 3208 (utrobique
1008 3143 1251 3198 ποδώκεος
1264 3142 1515 3208 Αἰακίδαο).
1571 3143 1630 3191 In
1665 3143 1818 3193 Iliade
1853 3143 2033 3193 Achilli
2069 3143 2313 3208 epitheton
2351 3151 2423 3190 est
2442 3140 2609 3205 (vicies
2626 3142 2735 3206 bis),
