3025 3608
425 379 473 430 A
506 380 621 430 viris
656 379 719 430 ad
752 379 1048 430 mulieres
1088 388 1299 431 transeo.
1370 379 1438 431 Et
1470 378 1700 430 mortales
1745 379 1939 446 quidem
1980 380 2143 430 Iliadis
2188 388 2477 448 arg-umento
2523 378 2674 428 multo

289 470 543 536 pauciores
577 472 786 520 insertas
820 488 928 520 esse
962 487 1109 536 quam
1141 469 1394 538 Odysseae
1428 487 1574 520 nemo
1607 471 1822 536 ignorat;
1872 470 1988 519 deas
2023 480 2183 520 autem
2230 473 2282 522 in
2322 471 2407 521 illo
2458 469 2674 519 carmine

288 569 337 610 et
367 560 532 627 plures
567 560 730 610 induci
764 550 825 610 et¹
844 560 996 629 multo
1032 561 1223 627 saepius
1238 599 1251 623 ‚
1306 577 1455 626 supra
1492 560 1774 627 significavi.
1849 559 1949 611 Sed
2000 561 2144 611 etiam
2195 562 2400 612 feminae
2441 559 2673 611 mortales

288 668 390 701 non
422 669 536 701 raro
570 651 622 700 in
668 659 949 701 transcursu
982 659 1340 712 memorantur,
1394 668 1543 716 quum
1594 652 1646 701 in
1687 652 1890 702 heroum
1923 651 2225 718 genealogiis
2257 660 2360 701 mm
2391 651 2494 701 aliis
2528 649 2671 712 loci83

286 742 417 792 velut
450 742 533 793 ubi
567 749 806 804 narratur,
843 759 966 808 quae
1000 742 1185 808 praeda
1217 742 1268 790 in
1303 742 1662 808 expugnatione
1695 743 1886 793 urbium
1921 742 2187 792 victoribus
2223 742 2490 808 contigerit.
2539 741 2672 790 Hinc

286 833 625 899 explicandum
651 832 781 898 quod
799 833 1035 883 nonnulla
1050 832 1303 882 mulierum
1320 833 1534 898 epitheta
1560 843 1643 884 aut
1679 834 1817 884 lliadi
1833 834 2095 900 peculiaria
2113 842 2238 895 sunt,
2281 842 2334 882 ut
2359 833 2558 888 ἐύζωνος
2574 834 2618 891 7,
2638 833 2669 879 Ο

288 923 664 988 (καλλίζωνος
698 925 743 984 2,
785 922 833 989 1)
866 924 1300 979 ἑλκεσίπεπλος
1332 926 1377 984 3,
1414 925 1462 985 Ο,
1498 933 1582 974 aut
1598 933 1727 974 certe
1757 925 1825 974 ibi
1841 925 2169 990 fiequentiora
2187 941 2334 989 quam
2355 921 2668 989 inOdyssea:

284 1016 316 1079 ἡ
330 1015 358 1062 ύ
371 1032 438 1063 κο
442 1032 478 1077 μ
491 1031 519 1063 ο
530 1031 557 1070 ς
578 1011 657 1078 (de
671 1012 866 1062 Latona
880 998 1098 1064 Briseide
1115 1012 1308 1063 Helena
1322 1013 1530 1064 Thetide
1545 1015 1767 1064 Minerva
1783 1014 1981 1064 Junone
1999 1014 2159 1064 Niobe
2174 1043 2241 1050 —
2262 1015 2484 1080 ἠυκόμοιο
2501 1029 2669 1061 versus

284 1105 511 1154 terminat
548 1107 626 1166 12,
665 1103 729 1170 2).
781 1103 857 1152 De
892 1104 987 1154 hoc
1021 1113 1069 1154 et
1104 1104 1163 1153 de
1199 1106 1558 1168 καλλίκομος
1592 1110 1636 1167 1,
1673 1109 1696 1153 1
1736 1106 1961 1170 genetivo
1996 1106 2159 1172 posito
2195 1105 2291 1155 dixi
2324 1105 2376 1154 in
2393 1103 2565 1154 Philol.
2585 1103 2669 1153 IV.

283 1214 332 1263 p.
371 1198 482 1247 234.
551 1195 741 1246 Ibidem
773 1195 940 1245 monui
974 1182 1460 1260 καλλιπλόκαμοξ
1482 1200 1529 1260 4,
1567 1199 1597 1248 2
1632 1198 2172 1261 λιπαροπλόκαμος
2218 1213 2320 1247 non
2365 1195 2473 1261 plus
2520 1193 2670 1245 semel

288 1287 326 1335 Τ
356 1289 449 1336 126
485 1286 597 1353 legi.
669 1284 857 1336 Contra
890 1287 1265 1355 ἐυπλόκαμος
1307 1286 1359 1336 in
1396 1285 1622 1355 Odyssea
1653 1296 1728 1336 ter
1760 1297 1896 1337 tanto
1930 1287 2137 1353 amplius
2171 1287 2383 1354 positum
2428 1304 2572 1351 quam
2617 1285 2669 1333 in

281 1378 432 1428 Iliade
470 1381 514 1442 7,
553 1380 612 1428 21
652 1377 925 1444 (praeterea
958 1378 1034 1427 bis
1071 1378 1520 1441 ἐυπλοκαμῖδες
1545 1380 1584 1445 β
1621 1381 1732 1441 119,
1769 1395 1796 1427 τ
1827 1380 1958 1444 542).

421 1485 483 1540 In
514 1492 739 1560 Odyssea
774 1499 1024 1540 matronas
1059 1491 1218 1558 regias
1254 1500 1530 1557 spectamus
1564 1492 1710 1541 rebus
1747 1492 2017 1541 domesticis
2052 1491 2374 1558 praepositas,
2410 1490 2537 1539 unde
2563 1489 2671 1537 huic

286 1581 487 1630 carmini
520 1598 623 1631 non
657 1581 804 1631 modo
840 1581 1064 1631 dominae
1098 1581 1389 1632 vocabulum
1422 1581 1674 1648 proprium
1709 1589 1783 1632 est
1817 1582 1903 1631 sed
1937 1583 2080 1632 etiam
2114 1582 2337 1647 reginae:
2387 1581 2669 1628 δέσποινα

286 1674 413 1733 0,11
449 1673 731 1737 βασίλεια
768 1674 814 1732 Ο,
837 1675 915 1720 11.
951 1671 1226 1736 Penelopae
1244 1671 1494 1736 epitheton
1529 1672 1832 1736 περίφρων
1867 1674 1912 1732 Ο,
1933 1675 1996 1722 55
2033 1671 2278 1722 constanti
2304 1688 2395 1720 usu
2417 1671 2658 1732 tribmtur3

285 1760 430 1809 etiam
463 1761 731 1825 ἐχέφρων
776 1761 906 1826 quod
955 1761 1007 1809 in
1040 1760 1190 1809 Iliade
1234 1760 1406 1822 semel,
1457 1760 1510 1809 in
1545 1759 1770 1828 Odyssea
1802 1763 1949 1811 octies
1984 1763 2179 1827 legitur,
2233 1759 2413 1825 septies
2466 1760 2524 1808 de
2571 1759 2663 1808 hac

284 1850 462 1898 dictum
497 1861 584 1899 est.
635 1852 895 1900 Praeterea
927 1852 979 1898 in
1014 1850 1237 1918 Odyssea
1270 1868 1392 1899 anus
1428 1851 1702 1917 complures
1736 1853 2036 1914 inducuntur,
2072 1854 2124 1900 in
2146 1851 2299 1899 Iliade
2324 1850 2663 1915 paucissimae:

282 1942 410 1989 unde
444 1948 627 2007 γρῆυς
659 1943 790 2008 quod
821 1943 919 1990 illic
953 1942 1100 1989 vicies
1132 1941 1233 2003 bis,
1287 1942 1366 1988 hic
1399 1943 1552 1990 semel
1604 1942 1670 2007 (Γ
1697 1946 1791 1991 386
1843 1944 1901 1991 de
1935 1943 2128 1992 Venere
2171 1948 2279 2006 Τρῆι
2314 1942 2373 1988 δέ
2404 1958 2483 2002 μιν
2517 1940 2664 1987 εἰκυῖα

282 2033 553 2094 παλαιγενέι
589 2034 889 2100 προσέειπεν)
921 2041 1109 2081 tantum
1144 2031 1425 2081 adln‘bitum.

414 2372 514 2424 Sed
548 2373 802 2425 diversitas
837 2382 1234 2440 argumentorum
1266 2373 1419 2424 multo
1453 2374 1596 2425 latius
1628 2381 1762 2440 patet
1795 2389 1940 2438 quam
1964 2372 2122 2423 adhuc
2139 2372 2462 2423 demonstrari
2489 2372 2658 2438 potuit,

277 2480 434 2529 neque
470 2480 642 2513 omnes
678 2465 916 2515 sermonis
953 2465 1305 2531 discrepantiae
1340 2481 1465 2530 quae
1499 2465 1613 2515 inde
1647 2463 1939 2530 repetendae
1976 2471 2109 2525 sunt,
2144 2463 2197 2511 in
2232 2462 2414 2513 classes
2450 2461 2660 2514 describi

276 2562 471 2620 queunt.
540 2554 669 2603 Nam
715 2573 819 2605 non
860 2555 1008 2605 modo
1059 2572 1138 2605 res
1190 2565 1239 2604 et
1282 2571 1526 2619 personae
1571 2555 1813 2619 utriusque
1848 2553 2075 2602 carminis
2124 2552 2251 2602 inter
2299 2571 2353 2603 se
2400 2554 2661 2619 plurimum

276 2645 523 2706 differunt,
567 2645 654 2693 sed
688 2646 834 2694 etiam
869 2646 1062 2695 altera
1094 2644 1302 2694 fabula
1335 2646 1412 2694 ab
1448 2645 1644 2695 altera
1683 2645 1922 2694 omnino
1958 2643 2199 2692 diversa
2239 2654 2363 2704 est,
2415 2654 2468 2693 ut
2510 2645 2660 2693 multa

276 2751 398 2802 quae
432 2734 512 2783 hic
547 2734 855 2786 celebrantur
880 2717 1019 2785 'illinc
1051 2734 1328 2784 necessario
1363 2735 1561 2785 exclusa
1593 2735 1704 2784 sint.
1755 2734 1826 2782 In
1860 2732 2140 2801 Odyssea
2173 2733 2366 2784 cardo
2401 2735 2491 2783 rei
2526 2751 2657 2782 ver-

170 2839 173 2842 ’
272 2826 425 2875 titur
474 2826 733 2891 primum
777 2828 833 2876 in
867 2827 1037 2879 Ulixi
1072 2826 1277 2875 reditu
1346 2827 1562 2876 deinde
1615 2827 1679 2875 in
1713 2841 2037 2892 procorum
2070 2825 2318 2893 injuriis
2352 2826 2657 2876 ulciscen-

274 2917 375 2967 dis.
421 2917 553 2967 Hinc
569 2918 807 2968 nonnulla
839 2919 935 2968 huc
967 2917 1048 2968 vel
1079 2918 1194 2968 illuc
1225 2919 1422 2984 proprie
1455 2917 1747 2984 pertinentia
1777 2917 1830 2965 in
1846 2916 1942 2965 hoc
1958 2916 2176 2965 carmine
2207 2916 2314 2983 solo
2331 2917 2654 2977 inveniuntur,

273 3006 363 3059 etsi
396 3006 492 3058 alia
524 3006 738 3074 ejusdem
773 3008 967 3075 generis
1000 3008 1053 3059 in
1085 3007 1237 3059 Diade
1272 3025 1462 3074 quoque
1497 3007 1709 3058 admissa
1742 3014 1870 3057 sunt.
1939 3004 2088 3058 Velut
2121 3008 2339 3057 νοστεῖν
2373 3014 2421 3056 et
2455 3007 2662 3065 νόστος

271 3099 460 3164 utrique
496 3099 697 3149 carmini
732 3102 1033 3160 communia,
1087 3099 1174 3148 sed
1209 3101 1472 3160 νόστιμος
1513 3098 1647 3164 cujus
1693 3106 1921 3147 neutrum
1954 3114 2068 3147 cum
2101 3098 2229 3162 ἦμαρ
2263 3097 2492 3162 conjungi
2529 3097 2656 3148 solet

274 3189 523 3257 Odysseae
558 3192 809 3254 proprium
845 3201 919 3239 est
952 3189 1019 3255 (0,
1060 3191 1167 3255 12),
1204 3206 1360 3254 neque
1396 3191 1680 3251 νόστιμον
1714 3189 1871 3253 ἦμαρ
1906 3190 1958 3237 in
1992 3189 2096 3239 sola
2114 3188 2336 3255 Odyssea
2368 3188 2466 3252 legi
2491 3189 2650 3254 magis
