3025 3608
1451 240 1511 283 11

297 379 474 444 legitur
508 377 813 443 (plerumque
848 378 999 439 λοιγὸν
1035 377 1228 438 ἀμύνειν
1264 376 1345 425 vel
1378 376 1614 445 ἀλαλκεῖν)
1649 377 1703 426 in
1738 376 1962 445 Odyssea
2002 393 2286 443 numquam,
2337 375 2389 426 id
2432 391 2493 426 ex
2535 384 2675 442 panc

294 468 465 536 procul
499 468 645 518 dubio
681 469 812 518 casui
857 468 1165 517 tribuendum
1216 474 1292 516 ent
1339 466 1476 533 (nam
1526 468 1779 531 ὄλεθρος
1824 468 1877 517 in
1911 466 2136 535 Odyssea
2184 467 2326 516 etiam
2376 466 2530 518 multo
2582 465 2675 515 fie-

294 560 515 625 quenfius
568 568 643 609 est
693 562 784 620 32,
822 560 889 608 50
937 559 1212 621 ὀλέθριος
1251 559 1307 620 2,
1344 558 1378 605 Ο
1426 558 1710 622 ὀλοφώιος
1750 560 1797 620 0,
1834 558 1898 625 4)
1947 557 2125 623 partim
2175 565 2334 606 autem
2383 564 2673 622 argumento

293 650 472 700 Iliadis.
550 648 779 699 Ceterum
825 647 975 697 habet
1016 648 1240 715 Odyssea
1280 647 1600 712 compositum
1643 648 2030 713 ἀθηρηλοιγός
2066 649 2093 694 λ
2131 648 2300 695 128:
2243 649 2354 712 -ᾡ
2388 649 2502 696 275.
2573 643 2675 694 Sed

293 739 423 806 quod
474 740 621 790 etiam
665 737 954 804 adjectivum
995 738 1210 800 λοίγιος
1247 741 1294 798 4,
1330 739 1363 786 0
1418 756 1453 786 a
1483 756 1708 787 sermone
1745 738 1997 806 Odysseae
2042 739 2202 797 abest,
2257 738 2309 785 id
2356 755 2459 786 non
2509 743 2674 803 potest

293 829 571 881 diversitate
601 828 831 880 materiae
867 827 1095 894 explicari
1129 843 1254 895 quae
1287 828 1475 894 utrique
1511 830 1711 878 carmini
1745 831 1962 896 subjecta
1995 838 2085 891 est,
2121 845 2269 894 quum
2303 828 2454 877 semel
2483 836 2672 877 tannim

296 921 334 970 Φ
368 923 466 971 533
501 920 562 971 de
596 938 765 986 pugna
799 919 999 970 exitiosa
1031 919 1210 969 dictum
1245 920 1320 969 sit.
1387 919 1545 969 Aliter
1577 922 1883 970 statuendum
1917 922 1978 970 de
2012 937 2104 970 usu
2136 919 2373 969 formulae
2406 919 2671 982 μέρμερα

293 1010 359 1073 ἔρ
373 1029 447 1073 γα
482 1011 549 1076 (6,
587 1013 639 1078 Ο)
675 1027 797 1076 quae
832 1011 941 1059 ideo
973 1010 1114 1059 Iliadi
1147 1010 1347 1076 propria
1381 1019 1473 1074 est,
1508 1011 1739 1078 quoniam
1773 1027 1966 1079 semper
1997 1026 2080 1061 res
2114 1009 2316 1061 bellicas
2350 1009 2603 1076 significat.

1310 1215 1642 1222 Μ

425 1372 695 1423 Noctium
730 1372 1086 1437 dierumque
1121 1371 1568 1423 alternationes
1602 1371 1755 1423 multo
1788 1372 1949 1437 plures
1992 1374 2043 1421 in
2078 1373 2308 1440 Odyssea
2341 1372 2528 1421 disertis
2565 1389 2672 1419 ver-

294 1461 371 1513 bis
403 1472 737 1513 memorantur
769 1480 915 1528 quam
946 1462 999 1512 in
1032 1462 1199 1513 Hiade.
1268 1464 1450 1514 Notum
1483 1472 1580 1525 est,
1632 1464 1683 1512 in
1717 1463 1874 1529 primo
1914 1463 2037 1512 libro
2071 1463 2240 1513 Iliadis
2273 1479 2453 1513 novem
2487 1463 2671 1512 dierum

295 1552 503 1617 spatium
538 1553 711 1618 quibus
745 1553 982 1603 exercitus
1018 1552 1238 1604 Graecus
1278 1554 1555 1620 pestilentia
1587 1555 1797 1616 laboret,
1849 1553 2019 1602 leviter
2058 1554 2254 1604 transiri
2306 1569 2368 1604 ac
2411 1552 2671 1621 perstringi

290 1644 651 1708 tantummodo;
700 1661 795 1694 nec
838 1644 1091 1694 duodecim
1131 1644 1224 1695 illis
1267 1645 1437 1697 diebus
1489 1645 1664 1713 quibus
1710 1645 1775 1695 dii
1825 1643 1953 1711 apud
1994 1643 2264 1712 Aethiopes
2307 1653 2667 1696 commorenmr

291 1733 470 1801 aliquid
504 1736 822 1786 memorabile
853 1737 971 1786 fieri.
1056 1736 1249 1787 Deinde
1278 1737 1389 1788 libri
1431 1737 1496 1788 ab
1539 1738 1696 1788 altero
1746 1736 1809 1786 ml
1843 1736 2098 1803 septimum
2129 1753 2284 1788 unum
2317 1745 2503 1788 tantum
2538 1737 2667 1786 diem

292 1825 731 1892 comprehendunt,
787 1827 902 1876 item
953 1828 1017 1878 ab
1051 1828 1307 1880 undecimo
1361 1827 1424 1879 ad
1459 1828 1903 1895 duodevigesimum
1954 1844 2077 1894 quae
2123 1846 2222 1878 uno
2268 1827 2344 1878 die
2379 1837 2518 1894 gesta
2554 1835 2666 1877 sunt

290 1925 563 1965 narrantur.
635 1916 822 1966 Contra
855 1918 906 1966 in
942 1918 1166 1988 Odyssea
1199 1918 1492 1970 narrationis
1527 1927 1702 1970 natura
1733 1920 1826 1969 fert
1858 1925 1910 1968 ut
1942 1917 2134 1984 saepius
2186 1925 2235 1968 et
2270 1919 2425 1969 solem
2457 1917 2669 1969 illuxisse

290 2007 465 2056 diserte
499 2008 685 2056 dicatur
720 2016 768 2057 et
802 2016 999 2058 noctem
1031 2009 1286 2075 ingr-uisse,
1323 2009 1556 2076 quoniam
1587 2009 1641 2060 in
1672 2017 1745 2060 tot
1777 2007 2246 2074 peregrinationibus
2280 2026 2407 2075 quae
2438 2008 2506 2080 ibi
2538 2016 2669 2057 terra

289 2098 505 2163 marique
547 2097 704 2147 factae
753 2098 1112 2161 describuntur,
1165 2098 1289 2149 haec
1332 2099 1440 2149 sola
1489 2099 1615 2150 rafio
1663 2109 1740 2150 est
1787 2111 2008 2165 tempora
2056 2099 2421 2165 peregrinando
2471 2106 2670 2165 peracta

288 2186 519 2237 metiendi
553 2194 601 2237 et
633 2188 964 2239 narrathnem
997 2190 1136 2256 quasi
1168 2190 1222 2240 in
1254 2198 1389 2240 certa
1421 2191 1582 2258 spatia
1613 2190 1874 2257 digerendi.
1918 2189 2019 2239 'Ex
2052 2188 2146 2239 hac
2180 2189 2473 2240 narrationis
2505 2187 2671 2238 indole

290 2277 608 2328 derivandam
660 2295 768 2329 esse
802 2279 1105 2346 quarundam
1153 2279 1470 2332 formularum
1519 2281 1980 2348 frequentationem,
2028 2279 2080 2329 in
2131 2288 2415 2330 transcursu
2465 2293 2667 2341 moneo;

291 2367 520 2433 quoniam
552 2385 684 2421 nunc
718 2370 778 2419 de
812 2369 1031 2420 formulis
1065 2370 1340 2421 Homericis
1372 2388 1499 2438 quae
1530 2372 1780 2439 propriam
1811 2370 2184 2436 disputationem
2217 2370 2480 2437 requirunt,
2517 2369 2672 2419 fusius

290 2458 449 2507 dicere
484 2458 616 2508 nolo.
686 2460 835 2511 Velut
865 2461 962 2510 hoc
994 2461 1136 2511 facile
1169 2470 1397 2528 apparet,
1433 2463 1565 2528 quod
1598 2462 1804 2528 exempli
1837 2461 1995 2527 gratia
2026 2478 2187 2526 pono,
2223 2476 2420 2510 versum
2453 2460 2675 2508 δύσετο

289 2548 333 2597 δ’
365 2549 590 2615 ἠέλιος,
642 2552 922 2602 σκιόωντο
961 2553 1027 2602 δὲ
1073 2557 1258 2602 πᾶσαι
1290 2553 1505 2612 ἀγυιαί
1539 2570 1643 2604 non
1682 2552 1830 2604 cuivis
1864 2550 2154 2601 narrationis
2187 2550 2356 2615 generi
2390 2551 2670 2611 convenire,

288 2640 375 2690 sed
407 2639 855 2706 peregrinationum
886 2650 1075 2694 tantum
1107 2642 1536 2709 descriptionibus:
1580 2644 1709 2694 unde
1744 2642 1993 2709 Odysseae
2026 2641 2256 2707 proprius
2289 2649 2386 2703 est,
2422 2641 2487 2690 ab
2521 2641 2672 2690 Diade

290 2730 489 2781 alienus.
541 2727 623 2796 (cf.
656 2731 704 2780 H
731 2734 830 2783 465
866 2734 1037 2783 δύσετο
1069 2732 1114 2782 δ’
1147 2734 1325 2799 ἠέλιος,
1376 2735 1618 2784 τετέλεσαι
1665 2735 1725 2783 δὲ
1769 2731 1906 2795 ἔργον
1944 2731 2165 2800 Ἀχαιῶν.)
2231 2732 2365 2781 Hinc
2405 2732 2552 2782 etiam
2592 2747 2671 2781 ex-

289 2820 571 2887 plicandum
621 2822 754 2888 quod
795 2841 966 2875 versus
1016 2825 1070 2875 in
1114 2824 1338 2893 Odyssea
1389 2825 1538 2875 vicie·
1586 2840 1840 2875 recurrens
1890 2822 2034 2889 ἦμος
2079 2824 2124 2872 δ’
2172 2824 2474 2890 ἠριγένεια
2522 2823 2673 2888 φάνη

283 2914 724 2975 ῥοδοδάκτυλος
753 2916 874 2980 ἠώς
901 2915 955 2964 in
987 2915 1140 2966 Iliade
1173 2916 1251 2967 bis
1267 2924 1455 2967 tanum
1471 2916 1709 2967 admissus
1742 2922 1818 2964 est
1848 2915 1999 2964 A477
2037 2915 2193 2964 9789
2229 2913 2494 2981 Hauptld.
2518 2930 2567 2981 p.
2589 2916 2670 2963 99.

293 3002 553 3054 Praeterea.
585 3002 942 3056 hemistichium
974 3007 1214 3073 posterius
1258 3007 1433 3074 legimi-
1465 3009 1510 3057 Ζ
1541 3009 1635 3057 1Ίό
1671 3008 1697 3055 Ι
1727 3007 1823 3055 707
1870 3006 1915 3054 Ψ
1946 3006 2042 3055 109
2081 3006 2121 3055 Ω
2157 3006 2280 3068 785,
2315 3004 2396 3055 ubi
2430 3003 2509 3054 alii
2543 3003 2676 3072 lege-

292 3094 413 3144 bant
447 3095 544 3142 ἀλλ’
577 3095 659 3143 ὅτε
700 3098 764 3162 δὴ
807 3099 983 3163 δεκάτη
1025 3098 1176 3163 ἐφάνη
1217 3099 1651 3164 φαεσίμβροτος
1680 3099 1791 3163 ἠώς.
1858 3096 2098 3147 Videlicet
2147 3097 2187 3146 si
2222 3111 2440 3160 usquam,
2493 3095 2544 3143 in
2577 3093 2678 3145 hoe

295 3200 474 3251 genere
492 3200 737 3247 versuum,
773 3187 824 3236 in
858 3187 1032 3253 quibus
1065 3187 1227 3238 verbis
1261 3188 1456 3238 mutatis
1489 3204 1662 3238 sensus
1695 3188 1826 3238 idem
1859 3187 2093 3238 manebat
2124 3204 2154 3234 a
2186 3184 2442 3251 rhapsodis
2478 3186 2675 3237 concin-
