3025 3608
1415 155 1481 198 14

236 307 361 355 μων
395 292 441 340 Γ
451 293 568 352 182;
605 291 694 341 sed
731 300 780 341 ut
815 308 842 340 2·
861 294 954 342 161
984 293 1101 343 olim
1117 293 1372 359 legebatur
1406 297 1473 357 τῷ
1506 310 1557 341 τε
1575 292 1698 349 Ζεὺς
1728 292 1867 358 ὄλβον
1902 293 2081 353 ὀπάζει,
2115 309 2249 343 nune
2281 295 2425 350 κῦδος
2454 294 2638 351 ὀπάζειι

238 379 309 456 ita
347 380 568 447 pluribus
603 381 724 432 loeis
758 382 878 433 illud
911 384 962 433 in
996 383 1137 450 hujus
1171 383 1333 432 locum
1367 384 1620 450 irrepsisse
1655 390 1819 448 potest
1853 392 1902 432 et
1934 382 2042 432 vice
2076 401 2235 434 versa.

374 472 492 523 Jam
525 488 585 521 eo
620 482 914 539 perventum
950 482 1024 525 est
1058 482 1108 524 ut
1141 474 1328 540 reliqua
1361 474 1602 525 voeabula
1636 491 1941 537 enumerem,
1993 473 2047 526 in
2098 492 2306 541 quorum
2355 492 2446 526 usu
2497 491 2637 542 argu-

237 563 389 612 menti
424 563 681 614 diversitas
717 565 903 615 nullum
935 571 1237 614 momentum
1271 565 1399 614 fecit.
1471 564 1701 615 Ceterum
1734 564 1831 614 hoc
1863 564 2039 614 iterum
2071 581 2268 627 mone0,
2303 582 2363 616 ea
2396 564 2637 616 vocabula

238 670 444 719 quorum
478 654 530 702 in
565 654 720 704 altero
755 655 967 703 carmine
1002 671 1159 720 pauca
1193 655 1419 720 exempla
1453 655 1575 717 sint,
1627 653 1681 705 in
1715 653 1867 704 altero
1908 653 2064 717 nulla,
2118 654 2403 721 plerumque
2437 661 2637 705 enotata

235 760 339 794 non
390 761 516 794 esse.
603 744 829 810 Exempli
880 744 1041 810 gratia
1092 743 1215 795 haec
1266 762 1422 810 pono:
1483 746 1690 810 ἀδευκής
1721 746 1767 806 Ο,
1806 747 1836 794 3
1881 744 2014 807 ἄχρις
2047 746 2094 806 Ο,
2141 748 2174 795 4
2216 745 2484 809 ἀποφώλιος
2513 746 2560 805 Ο,
2599 747 2630 793 4

237 833 505 898 αὐτόματος
536 837 582 897 4,
619 837 650 884 0
685 834 820 898 γέντο
855 835 902 896 5,
940 835 971 884 Ο
1009 835 1293 899 πευκάλιμος
1324 838 1378 898 4,
1416 837 1447 885 Ο
1485 836 1777 900 πολυήρατος
1819 836 1866 897 Ο,
1906 837 1938 884 4
1972 843 2064 884 etc.
2136 834 2235 886 Sed
2287 853 2411 903 quae
2451 852 2637 884 memo-

235 931 345 976 ratu
393 943 497 976 non
536 943 739 991 prorsus
781 925 987 993 indigna
1037 926 1144 977 visa
1195 936 1310 978 sunt
1325 966 1337 990 ,
1390 926 1485 978 hoe
1534 926 1644 977 loeo
1692 943 1890 992 ponam.
1960 925 2201 993 Adjiciam
2233 926 2472 990 nonnulla
2505 943 2629 993 quae
2714 977 2722 983 ,

237 1033 387 1082 supra
419 1032 695 1066 memorare
730 1007 969 1084 poteram.

372 1107 685 1170 ἀθέμιστος
716 1126 755 1158 s.
793 1110 862 1171 ,ἷζ-
901 1112 944 1172 1,
983 1111 1028 1158 6.

371 1197 646 1255 ἀλίαστος
678 1201 722 1260 7,
761 1201 791 1248 Ο
828 1197 1102 1265 (quinquies
1139 1217 1250 1249 cum
1286 1200 1490 1263 πόλεμος
1517 1200 1648 1264 μάχη
1684 1200 1875 1262 ὅμαδος,
1909 1198 1985 1247 bis
2022 1215 2133 1247 cum
2149 1200 2265 1260 γόος
2288 1207 2340 1247 et
2366 1199 2633 1259 ὀδύρεσθαι.

235 1287 415 1343 λιάζω
452 1289 498 1349 9,
537 1288 604 1355 2.)

369 1378 534 1435 ἁλίος
567 1380 645 1440 18,
686 1380 713 1428 2
785 1378 968 1428 ἁλιόω
1006 1383 1050 1442 1,
1088 1382 1134 1430 2.

356 1469 630 1529 Ἄπτερος
660 1471 707 1531 Ο,
744 1472 777 1517 4
810 1467 1026 1535 (semper
1058 1470 1111 1519 in
1144 1469 1355 1519 formula
1389 1474 1447 1534 τῇ
1481 1469 1524 1516 δ’
1560 1469 1765 1531 ἄπτερος
1796 1468 1964 1516 ἔπλετο
1990 1467 2176 1534 μῦθος).

367 1559 504 1614 ἆτος
537 1562 583 1626 6,
625 1562 648 1606 1
688 1558 963 1626 (quinquies
1000 1577 1111 1608 cum
1140 1561 1304 1626 μάχης
1332 1559 1413 1608 vel
1449 1560 1684 1622 πολέμοιο,
1719 1558 1795 1608 bis
1831 1560 1981 1607 δόλων
2016 1557 2101 1607 ἅτε
2135 1559 2162 1605 λ
2196 1559 2294 1608 430
2332 1573 2354 1605 ν
2391 1556 2523 1624 293).

367 1651 542 1706 ἑᾶνός
574 1657 622 1698 et
655 1649 831 1706 ἑᾶνός
860 1649 1049 1718 (εἱανάς,
1083 1651 1430 1702 Buttmann.
1467 1649 1654 1700 Lexil.
1693 1649 1836 1700 Tom.
1871 1648 1937 1700 Π.
1974 1664 2022 1714 p.
2062 1647 2112 1716 9)
2152 1648 2229 1709 10,
2268 1649 2314 1697 Ο.
2624 1632 2627 1635 ³

366 1741 567 1805 εἶθαρ,
603 1742 648 1803 9,
686 1742 733 1791 Ο.
800 1739 803 1743 ’

367 1837 716 1900 ἐμπάζομαι,
755 1836 799 1896 1,
840 1834 918 1883 10.

366 1928 693 1994 ἐπηετανός
724 1929 770 1988 Ο,
810 1928 855 1974 7.
926 1923 1197 1992 (ἐπετήσιος
1226 1925 1378 1975 semel
1413 1944 1443 1991 η
1483 1925 1617 1992 118.)

364 2019 689 2075 θεσπιδαὲς
719 2021 830 2079 πῦρ
867 2018 912 2078 7,
954 2020 998 2065 1.

363 2109 650 2174 θέσφατος
685 2112 728 2171 1,
767 2111 813 2157 8.

362 2203 465 2267 θήν
504 2203 580 2263 13,
618 2203 663 2249 3.

362 2294 632 2356 κάλλιμος
664 2293 711 2354 Ο,
749 2293 796 2340 5.

362 2385 565 2442 κεδνός
600 2384 677 2446 14,
716 2383 762 2431 3.

357 2476 732 2541 μηχανάομαι
772 2474 850 2535 12,
887 2473 917 2521 2
954 2469 1380 2538 (περιμηχανάομαι
1415 2472 1463 2533 Ο,
1501 2469 1567 2538 2).

358 2566 489 2622 ὅπις
523 2570 566 2628 1,
603 2568 650 2615 5.
2104 2606 2108 2610 .

362 2658 788 2722 πουλυβότειρα
827 2657 906 2716 14,
944 2656 975 2703 3
1011 2653 1226 2720 (semper
1260 2671 1371 2702 cum
1400 2654 1548 2718 χθών,
1584 2669 1689 2701 exc.
1726 2653 1761 2699 A
1798 2652 1907 2700 770
1929 2650 2131 2716 Ἀχαίιδα
2168 2647 2566 2715 πουλυβότειραν).

360 2748 615 2813 στεφάνη
651 2749 698 2809 5,
728 2748 767 2796 0
804 2744 898 2813 (ter
934 2746 995 2796 de
1030 2745 1195 2812 galea3
1231 2745 1522 2810 στέφανος
1553 2745 1596 2793 Ν
1626 2742 1761 2810 736.)

361 2839 492 2904 τύνη
529 2841 575 2900 6,
614 2839 661 2887 Ο.

359 2929 574 2979 ὕπαιθα
610 2932 657 2990 5,
695 2930 742 2978 Ο.

356 3021 654 3085 χραισμέω
694 3024 771 3080 19,
809 3022 855 3068 Ο.
927 3018 1280 3083 (Buttmann.
1316 3018 1500 3068 Lexil.
1541 3018 1685 3067 Tom.
1722 3017 1760 3066 1.
1795 3035 1844 3083 p.
1884 3017 1950 3084 8.)
