3025 3608
1479 180 1545 224 10

310 323 487 372 mirum
527 328 604 370 eut
643 335 791 385 quam
836 319 1054 384 νηλεὲς
1087 318 1253 383 ,ἦμαρ
1302 318 1357 368 in
1389 318 1540 369 Iliade
1584 319 1890 384 potissimum
1924 318 2219 384 frequentari
2253 318 2321 384 (7,
2359 318 2424 385 2).
2472 319 2698 370 ‘Duabus

309 411 455 461 rebus
490 408 658 461 Ulixes
690 408 744 459 in
779 424 839 459 eo
875 409 1090 459 carmine
1124 409 1176 459 in
1210 424 1308 475 quo
1341 407 1527 475 primas
1563 416 1725 474 partes
1759 407 1875 474 agit,
1910 407 2118 473 indgnis
2152 421 2242 473 est,
2278 409 2487 476 primum
2514 411 2700 476 magni-

307 500 474 551 tudine
522 499 776 550 informii
826 515 1034 566 quocum
1086 499 1389 549 conflictam
1435 516 1533 549 nec
1580 507 1744 553 tamen
1795 498 2087 558 succumbit,
2141 500 2253 550 dein
2304 500 2516 549 versutia
2566 501 2700 567 cujus

311 590 490 642 auxilio
534 608 563 640 e
607 590 807 641 summis
841 589 1065 654 periculis
1106 589 1271 639 evadit
1312 589 1583 640 incolumis.
1655 589 1791 650 Quae
1824 591 2099 653 argumenti
2147 591 2337 640 indoles
2389 607 2490 640 non
2524 590 2700 640 nullius

307 680 547 730 momenfi
592 681 682 730 fuit
729 680 781 728 in
816 679 1114 728 usu-horum
1148 678 1525 728 vocabulorum:
1580 682 1886 743 κάμμορος
1915 680 1962 741 Ο,
2001 681 2032 729 5
2067 677 2282 746 (semper
2315 681 2374 732 de
2409 679 2569 747 Ulixe)
2604 695 2700 728 πο·

308 773 530 827 λύτλας
560 775 608 831 5,
645 774 709 819 35
740 770 1186 837 βυσσοδομεύει)
1219 771 1268 831 0,
1307 772 1335 816 7
1389 768 1580 836 (quater
1621 770 1683 818 de
1718 768 1880 831 Ulixe,
1935 768 2087 819 semel
2129 770 2189 820 de
2233 771 2477 833 Vulcano,
2530 770 2606 821 bis
2640 770 2700 819 de

309 862 511 930 procis).-
555 862 724 928 Neque
748 861 845 914 hoc
869 861 1066 911 fortuito
1091 860 1327 910 accidisse
1341 859 1631 910 crediderim
1657 860 1788 927 quod
1803 859 2010 910 formula
2024 858 2224 926 (ἔμοιγε,
2246 865 2353 927 ἡμῖν
2369 864 2442 922 δε,
2470 865 2605 911 τοῖσιν
2623 862 2700 928 δὲ)

311 953 691 1017 κατεκλάσθη
724 952 888 1015 φίλον
911 952 1053 1017 ἦτορ
1087 950 1341 1018 Odysseae
1369 950 1571 1016 propria
1588 950 1745 1016 θείω,
1768 950 1832 1018 7).
1868 951 2195 1015 Πολύμητις
2222 961 2273 1002 et
2308 955 2706 1017 πολυμήχανος

311 1044 498 1110 utrique
533 1041 737 1093 carmini
753 1042 1031 1094 communia
1048 1048 1175 1092 sunt.
1225 1039 1307 1091 Ad
1331 1058 1592 1106 procorum
1608 1039 1807 1105 injurias
1832 1041 2177 1106 significandas
2211 1044 2501 1092 adhibentur
2535 1045 2707 1110 ὕβρις

311 1142 360 1184 et
394 1134 627 1201 ὑβρίζει
641 1150 688 1193 ν,
741 1150 945 1199 quorum
978 1140 1233 1197 utrumque
1267 1131 1320 1180 in
1360 1130 1511 1181 Iliade
1546 1131 1699 1182 semel
1732 1132 1812 1181 vel
1844 1132 1921 1181 bis
1954 1131 2130 1196 legitur
2177 1131 2231 1197 (Α
2267 1135 2364 1182 203
2400 1135 2430 1198 ἢ
2467 1135 2537 1182 ἵνα
2571 1134 2703 1200 ὕβριν

311 1223 420 1290 ἴδῃς
445 1223 779 1286 Ἀγαμέμνονος
804 1221 1036 1285 Ἀτρείδαο
1071 1224 1172 1272 214
1205 1222 1370 1287 ὕβριος
1399 1222 1559 1270 εἵνεκα
1594 1224 1737 1286 τῆσδε
1780 1223 1806 1269 λ
1841 1225 1939 1271 695
1977 1223 2142 1270 Ἐπειοὶ
2171 1224 2514 1288 χαλκοχίτωνες
2540 1224 2706 1288 Ἡρέας

313 1312 625 1380 ὒβρίζοντες);
679 1321 729 1361 at
779 1311 831 1361 in
875 1310 1102 1378 Odyssea
1145 1313 1350 1361 verbum
1402 1312 1604 1377 septies,
1658 1311 2016 1360 substantivum
2067 1314 2450 1378 quatuordecies.
2518 1314 2704 1365 Contra

311 1406 608 1470 ὑβριστής
642 1408 686 1465 1,
723 1407 756 1452 4
791 1403 852 1452 de
887 1403 1054 1469 procis
1089 1420 1338 1469 nunquam
1373 1410 1658 1468 usurpatum
1691 1409 1787 1464 est,
1822 1401 1913 1452 sed
1946 1410 2020 1452 ter
2053 1401 2106 1452 in
2139 1402 2348 1454 formula
2381 1403 2542 1455 locum
2573 1405 2704 1455 inve-

311 1495 383 1544 nit
415 1496 449 1558 ἤ
477 1493 523 1557 ῤ’
557 1496 606 1542 οἱ
636 1495 678 1558 γ’
712 1484 932 1561 ὑβρισταί
972 1510 1023 1542 τε
1059 1494 1136 1542 καὶ
1171 1493 1321 1557 ἄγριοι
1366 1493 1485 1542 οὐδὲ
1529 1493 1714 1542 δίκαιοι.
1782 1491 1946 1553 Quum
1994 1498 2158 1553 autem
2207 1494 2344 1558 proci
2396 1511 2455 1544 eo
2502 1504 2706 1559 peccent

312 1592 366 1634 ut
396 1601 503 1634 rem
535 1583 747 1637 alienam
782 1584 1065 1649 comedant,
1119 1583 1254 1634 nullo
1295 1583 1450 1650 pretio
1491 1582 1673 1645 soluto,
1728 1582 1967 1650 adjectiva
2000 1583 2311 1647 ἀλλότριος
2339 1592 2388 1634 et
2422 1588 2708 1651 νηποινός

317 1676 369 1728 in
403 1675 499 1726 hac
533 1676 814 1729 narratione
847 1694 951 1728 non
985 1684 1250 1743 potuerunt
1283 1693 1386 1727 non
1419 1674 1729 1742 stequentari.
1802 1674 2022 1736 Quorum
2055 1675 2174 1726 illud
2214 1675 2267 1725 in
2299 1675 2451 1726 Iliade
2492 1678 2568 1730 bis
2601 1687 2705 1729 tan-

308 1775 417 1819 tum
433 1767 678 1818 invenitur
711 1766 1139 1833 (E214=11102
1177 1767 1323 1816 αὐτίκ’
1343 1766 1502 1829 ιἔπειτ’
1537 1768 1617 1814 ἀπ’
1652 1768 1786 1829 ἐμεῖο
1816 1769 1942 1832 κάρη
1980 1753 2113 1830 τάμοι
2147 1768 2380 1830 ἀλλότριος
2416 1771 2519 1832 φώς
2556 1772 2703 1821 Υ298

308 1860 436 1926 μάψ,
472 1857 590 1910 ἕνεκ’
625 1859 877 1933 ἀλλοτρίων
911 1861 1089 1925 ἀχέων)
1124 1860 1176 1908 in
1212 1858 1438 1926 Odyssea
1471 1859 1762 1924 quindecies,
1799 1867 1852 1909 ut
1885 1867 2051 1908 tamen
2085 1860 2235 1909 octies
2270 1867 2457 1908 tantum
2485 1860 2545 1908 de
2564 1861 2706 1911 bonis

315 1967 347 2000 a
380 1949 544 2016 procis
580 1950 788 2000 comesis
824 1950 1003 2000 dictum
1038 1950 1122 2010 sit,
1177 1957 1382 2015 apparet
1423 1949 1569 2013 igitur
1608 1948 1738 1997 hanc
1773 1948 2152 2013 discrepantiam
2195 1950 2372 2014 partim
2415 1958 2542 1999 certe
2577 1952 2709 2001 casui

315 2057 425 2090 esse
459 2039 782 2090 tribuendam.
852 2039 1184 2102 Ἀλλόθροος-
1213 2048 1376 2089 autem
1411 2039 1701 2088 vocabulum
1735 2039 1787 2086 in
1822 2039 1973 2088 Iliade
2007 2040 2301 2101 inauditum,
2352 2028 2556 2105 quatuor
2588 2040 2708 2091 locis

313 2130 492 2196 legitur
532 2130 584 2179 in
620 2130 846 2199 Odyssea
888 2131 970 2181 ubi
1005 2132 1084 2181 vel
1119 2132 1287 2182 Ulixes
1322 2130 1402 2180 vel
1437 2129 1518 2178 alii
1550 2138 1706 2179 terras
1741 2129 2028 2195 peregrinas
2064 2130 2240 2180 adiisse
2276 2138 2548 2179 narrantur.
2612 2130 2711 2180 Sed

312 2221 463 2272 redeo
508 2221 572 2272 ad
607 2238 671 2287 νη
683 2223 888 2278 ποινάς
925 2222 1056 2288 quod
1089 2221 1206 2271 Ilias
1243 2240 1306 2270 ne
1352 2221 1504 2271 semel
1539 2221 1757 2286 quidem,
1812 2220 2038 2287 Odyssea
2071 2222 2221 2270 octies
2257 2221 2405 2269 habet
2439 2219 2710 2287 (quinquies

317 2312 558 2371 ἀλλότριον
586 2312 747 2378 βίοτον
780 2313 992 2378 »ymon
1026 2312 1227 2372 ἔδουσιν,
1261 2312 1481 2364 similiter
1514 2314 1673 2370 6417,
1709 2311 1786 2360 bis
1805 2312 2012 2376 νηποινοί
2035 2328 2114 2360 κεν
2131 2311 2317 2360 ὄλοισθε
2343 2327 2374 2357 α
2394 2311 2492 2360 380
2524 2312 2561 2376 β
2582 2312 2710 2378 145).

317 2401 515 2453 Contra·
545 2403 762 2452 ἄποινα
796 2402 937 2453 Iliadi
970 2403 1171 2470 propria
1213 2411 1327 2454 sunt
1361 2404 1440 2463 28,
1478 2402 1510 2450 Ο
1561 2398 1789 2466 (quorum
1834 2401 2052 2452 locorum
2093 2410 2206 2451 octo
2251 2402 2302 2450 in
2325 2402 2542 2464 Ἕκτορος
2571 2404 2712 2464 λύτρα

314 2492 517 2560 cadunt)
553 2493 735 2559 quippe
767 2492 853 2543 nbi
888 2493 1031 2543 tofles
1066 2494 1127 2542 de
1162 2493 1463 2544 redemtione
1499 2492 1803 2557 captivorum
1838 2509 1999 2542 sermo
2035 2494 2110 2543 sit.
2156 2494 2282 2542 Huic
2303 2492 2605 2542 substantivo
2631 2494 2713 2544 ad-

312 2583 518 2633 haemre
553 2583 677 2633 solet
709 2584 1023 2646 ἀπερείσια
1054 2582 1158 2649 (12,
1182 2584 1246 2651 1),
1271 2592 1506 2633 attamen
1537 2600 1638 2632 uno
1659 2582 1743 2632 illo
1772 2583 1882 2633 loco
1901 2582 2153 2652 Odysseae
2191 2586 2330 2632 τ529
2368 2590 2416 2631 et
2432 2600 2530 2632 uno
2548 2583 2711 2634 Iliadis

314 2675 359 2723 11
393 2677 491 2723 178
533 2691 643 2722 cum
685 2673 842 2723 ἔεδνα
874 2674 1186 2739 conjuncmm
1227 2675 1289 2724 sit
1337 2673 1389 2741 (u
1504 2674 1515 2686 '
1552 2690 1613 2723 ue
1651 2675 1807 2736 πῳὼν
1840 2674 2068 2737 ἀπερείσι’
2104 2655 2286 2741 ἔεδνα),
2365 2673 2512 2734 Quod
2553 2681 2714 2724 autem

316 2768 484 2830 ποινή
518 2780 618 2814 nno
652 2764 760 2814 loco
793 2771 1002 2831 excepto
1038 2781 1141 2815 non
1176 2765 1352 2831 legitur
1384 2765 1479 2816 nisi
1518 2765 1573 2815 in
1607 2764 1759 2814 Iliade
1798 2767 1874 2827 10,
1916 2770 1959 2828 1,
1997 2783 2112 2816 casu
2152 2767 2334 2815 factum
2370 2782 2479 2814 esse
2515 2764 2715 2814 dixerim

313 2854 653 2923 (ἀνάποινον
685 2854 839 2905 semel
871 2857 907 2906 A
932 2854 1043 2923 99).
1126 2855 1266 2906 Idem
1303 2856 1471 2907 valere
1511 2862 1634 2923 puto
1676 2854 1738 2905 de
1767 2857 2001 2921 χόομαι
2038 2861 2117 2920 24,
2155 2861 2209 2919 53
2263 2873 2557 2923 quamquam
2594 2857 2715 2907 haec

318 2946 546 2997 distantia
594 2948 724 2997 inter
768 2963 983 2996 summas
1037 2947 1372 3014 exemplorum
1423 2964 1483 2999 ex
1532 2954 1821 3014 argumento
1855 2948 1959 3015 ejus
1996 2949 2223 2999 carminis
2260 2947 2527 2997 derivanda
2561 2948 2717 2997 videri

317 3046 493 3103 potest,
531 3038 662 3104 quod
696 3038 748 3087 in
781 3037 857 3087 ira
891 3036 1066 3087 Achilli
1094 3047 1336 3089 versatur.
1408 3039 1510 3090 Sed
1545 3039 1640 3088 hoc
1673 3054 1776 3088 non
1810 3039 1877 3088 ita
1912 3049 2006 3101 est,
2057 3058 2172 3089 nam
2203 3041 2393 3104 χώομαι
2428 3039 2620 3103 saepius
2658 3039 2717 3086 de

317 3126 424 3178 aliis
456 3129 589 3178 iratis
625 3145 771 3194 quam
805 3128 866 3178 de
901 3126 1093 3177 Achille
1130 3137 1414 3195 usurpatum
1451 3137 1567 3180 est.-
1616 3128 1683 3178 At
1715 3131 1846 3197 quod
1882 3132 2083 3194 λοιγός
2117 3131 2265 3180 vicies
2303 3128 2453 3180 semel
2487 3128 2538 3177 in
2563 3128 2715 3178 Iliade
