3025 3608
282 317 536 377 praeterea
577 309 637 359 de
672 308 866 360 Dolone
913 309 1086 359 dicitur
1128 309 1164 358 Ii
1205 310 1301 357 316
1345 308 1399 364 ὅς
1440 308 1501 372 δή
1543 323 1608 354 τοι
1657 304 1785 362 εἶδος
1819 306 1910 369 μὲν
1960 303 2044 370 ἔην
2089 306 2234 364 κακὸς
2276 306 2392 356 ἀλλὰ
2439 307 2669 373 ποδώκης,

295 391 339 450 Ψ
366 402 462 450 262
500 399 559 449 de
594 398 849 464 equitibus,
884 408 960 450 ter
994 399 1053 449 de
1090 398 1225 464 equis
1260 399 1415 448 B764
1452 397 1605 446 P6l4
1650 397 1827 446 ²[s376.
1899 396 2304 458 Κορυθαίολος
2335 395 2435 462 (38,
2474 398 2504 445 O
2540 396 2671 462 apud

283 488 521 540 Seberum
558 489 735 539 desunt
775 492 809 538 0
845 491 958 549 246,
996 488 1114 554 504)
1149 488 1326 553 ubique
1361 486 1586 536 Hectoris
1621 486 1870 551 epitheton
1906 493 2000 546 est,
2038 486 2190 536 semel
2223 487 2392 536 Martis
2433 487 2474 535 Y
2502 488 2565 536 38
2601 486 2670 552 (et

281 581 323 628 X
357 582 451 628 132
482 578 711 636 Ἐνυάλιος
747 580 1054 641 κορυθάιξ,
1092 594 1215 643 quae
1250 578 1407 627 forma
1439 593 1540 625 non
1576 576 1685 641 plus
1720 575 1870 626 semel
1902 575 2112 643 legitur).
2182 576 2476 640 Εὐρυκρεί
2482 593 2557 625 ων
2590 576 2670 626 vel

279 676 334 719 ut
365 667 623 720 Bekkerus
665 686 796 719 nunc
831 667 997 718 scribit
1032 667 1148 730 εὐρὺ
1184 667 1351 730 κρείων
1385 665 1692 732 Agamemno
1726 666 1777 716 in
1811 665 1963 716 Iliade
1999 665 2159 717 decies
2192 667 2337 730 audit,
2372 667 2424 716 in
2443 665 2668 733 Odyssea

281 759 433 811 semel
469 778 498 823 γ
535 762 658 822 248,
702 766 956 825 praeterea
988 758 1262 823 Ἐνοσίχθων
1297 760 1331 807 Λ
1369 759 1479 807 152.
1548 757 1713 807 Etiam
1756 759 2032 814 κύδιστος
2077 757 2129 806 in
2171 758 2322 808 Iliade
2365 757 2668 824 potissimum

280 850 554 900 celebratur
585 857 787 916 propter
819 850 1152 916 fiequentatas
1188 848 1537 915 appellationes
1568 849 1771 915 Ἀτρείδη
1805 849 1991 897 κύδιστε
2034 857 2083 898 et
2116 850 2212 897 Ζεῦ
2258 851 2443 898 κύδιστε
2473 849 2667 912 μέγιστε

279 940 381 1007 (16,
420 944 449 990 2
484 969 550 975 -
583 943 610 988 λ
645 944 741 990 397
775 941 976 1006 Ἀτρείδη
1011 942 1198 988 κύδιστε
1233 941 1354 994 ἄναξ
1384 941 1566 1003 ἀνδρῶν
1602 941 1872 1004 Ἀγάμεμνον
1913 940 1994 1006 qui
2029 940 2173 988 etiam
2208 958 2249 988 ω
2287 943 2379 990 121
2426 940 2489 988 ab
2523 939 2668 989 inter-

278 1031 497 1096 polatore
532 1031 720 1095 positus
756 1032 865 1097 est.)
897 1032 974 1079 De
1000 1031 1195 1095 reliquis
1225 1031 1474 1079 vocabulis
1510 1046 1569 1078 ex
1593 1030 1764 1079 eadem
1791 1031 1940 1096 stirpe
1968 1030 2094 1079 natis
2121 1030 2250 1079 infra
2275 1031 2471 1080 dicetur.
2527 1030 2666 1079 Haec

279 1120 444 1168 omnia
476 1119 618 1168 lliadi
654 1120 791 1186 quasi
825 1120 1025 1185 propria
1060 1135 1167 1169 esse
1204 1128 1587 1169 consentaneum
1622 1127 1721 1181 est,
1759 1119 1938 1185 quippe
1973 1119 2055 1169 ubi
2089 1126 2163 1169 tot
2195 1118 2424 1170 heroibus
2458 1119 2664 1169 inductis

275 1217 377 1257 tam
421 1209 653 1275 frequens
698 1210 890 1259 occasio
934 1209 1148 1275 epitheta
1191 1208 1448 1275 adjiciendi
1495 1209 1622 1259 facta
1663 1210 1737 1259 sit.
1824 1209 1914 1259 His
1967 1209 2385 1260 adnumerandum
2436 1210 2668 1265 ἰσόθεος

276 1298 409 1365 quod
451 1316 554 1348 non
596 1307 855 1365 usurpatur
905 1298 999 1348 nisi
1049 1298 1106 1350 in
1145 1297 1362 1352 thau-h
1405 1298 1647 1355 ὶοὸθεος
1681 1297 1812 1363 φύς.
1898 1299 1957 1348 In
2008 1298 2137 1348 hanc
2189 1299 2443 1349 duodecim
2494 1315 2664 1348 versus

274 1388 440 1438 Iliadis
476 1396 668 1451 exeunt,
705 1388 799 1438 duo
835 1387 1087 1456 Odysseae
1123 1406 1155 1436 α
1191 1390 1291 1437 324
1326 1406 1354 1436 υ
1394 1391 1513 1452 124;
1550 1389 1627 1437 hic
1662 1389 1720 1438 de
1741 1388 2038 1438 Telemacho
2073 1388 2194 1450 solo,
2230 1388 2327 1438 illic
2361 1389 2421 1438 de
2448 1389 2663 1454 pluribus

274 1478 454 1528 dietum
505 1487 594 1529 est.
683 1479 871 1530 Contra
930 1477 1171 1528 vocabula
1238 1478 1456 1544 ejusdem
1527 1479 1606 1528 vel
1664 1489 1902 1545 cognatae
1963 1478 2329 1546 significationis
2389 1480 2453 1528 ἀν
2467 1481 2666 1534 τίθεος

273 1568 374 1635 (29,
413 1570 498 1637 31)
533 1572 810 1636 θεοειδής
847 1568 948 1636 (27,
990 1569 1072 1637 16)
1121 1569 1468 1627 θεοείκελος
1507 1567 1573 1636 (2,
1612 1570 1660 1638 3)
1711 1570 1898 1636 utrique
1950 1570 2152 1619 carmini
2204 1570 2480 1619 communia
2536 1578 2660 1619 sunt.

274 1660 633 1727 Quod-partim
668 1677 785 1711 casu
819 1660 1041 1710 evenisse
1075 1666 1263 1725 potest,
1318 1659 1497 1726 partim
1541 1658 1718 1711 multos
1758 1660 1895 1711 locos
1944 1661 2218 1711 criticorum
2253 1660 2450 1710 arbitrio
2488 1660 2662 1710 consti-

270 1760 400 1802 tutos
437 1768 546 1802 esse
581 1751 809 1801 credibile
844 1759 941 1812 est,
995 1750 1169 1816 quibus
1205 1767 1352 1816 saepe
1392 1750 1565 1815 procul
1611 1750 1755 1801 dubio
1790 1752 1924 1817 optio
1972 1751 2182 1818 eligendi
2229 1751 2344 1800 data
2378 1759 2502 1813 erat,
2556 1751 2661 1801 aliis

272 1841 520 1891 codicibus
556 1841 650 1890 alia
684 1840 898 1906 epitheta
932 1839 1287 1890 exhibentibus.
1357 1840 1544 1890 Rursus
1578 1840 1630 1888 in
1664 1858 1754 1889 usu
1787 1841 2010 1907 adjectivi
2044 1843 2374 1897 ἀτάλαντος
2403 1842 2663 1906 plurimum

273 1931 433 1982 differt
463 1931 516 1982 in
548 1939 752 1998 utroque
786 1932 1001 1981 carmine
1036 1930 1138 1996 (27,
1176 1930 1241 1997 2).
1303 1929 1417 1980 Hoc
1450 1929 1520 1979 ibi
1552 1929 1772 1980 adhiberi
1804 1939 1975 1982 notum
2010 1940 2086 1981 est
2116 1931 2201 1981 ubi
2233 1931 2408 1981 heroes
2443 1949 2556 1981 cum
2588 1929 2662 1983 (ΓΙ

268 2022 622 2072 immortalibus
658 2030 1026 2087 comparantur,
1077 2018 1307 2085 (Πρίαμος
1336 2021 1501 2083 θεόφιν
1537 2022 1733 2084 μήστωρ
1766 2022 2022 2078 ἀτάλαντος
2050 2023 2095 2070 Η
2123 2021 2245 2087 360)
2292 2022 2500 2071 maxime
2552 2038 2664 2071 cum

268 2112 398 2161 Jove
439 2112 520 2161 vel
561 2113 740 2174 Marte,
793 2112 881 2162 sed
925 2111 1073 2161 etiam
1102 2110 1279 2172 Ἕκτωρ
1313 2109 1438 2158 νυκτὶ
1472 2112 1563 2174 θοῇ
1600 2111 1855 2168 ἀτάλαντος
1885 2113 2075 2159 ὑπώπια
2107 2112 2158 2160 Μ
2186 2113 2284 2160 463
2320 2120 2372 2160 et
2400 2113 2448 2159 οἱ
2479 2112 2521 2159 δ“
2556 2110 2663 2159 ἴσαν

269 2203 516 2264 dotalem»
549 2202 735 2265 ἀνέμων
769 2201 1012 2250 ἀτάλαντοι
1047 2200 1189 2264 ἀέλλῃ
1225 2200 1270 2247 Ν
1299 2203 1326 2248 7
1332 2202 1424 2263 453
1457 2200 1511 2248 in
1546 2198 1769 2267 Odyssea
1802 2200 1878 2250 bis
1912 2207 2102 2251 tantum
2135 2218 2165 2265 γ
2203 2202 2298 2250 110
2335 2201 2396 2250 de
2431 2200 2663 2251 Patroclo

269 2301 317 2341 et
351 2293 449 2342 409
487 2291 548 2341 de
582 2291 753 2341 Nele0.

402 2425 574 2491 Neque
624 2425 721 2476 hoc
770 2423 1200 2491 praetereundum,
1252 2424 1387 2491 quod
1435 2424 1489 2473 in
1539 2422 1690 2473 Iliade
1740 2425 1892 2476 multo
1948 2427 2140 2493 saepius
2191 2427 2394 2477 heroum
2446 2425 2659 2492 origines

268 2515 585 2581 cognationes
620 2515 881 2566 affinitates
913 2524 1202 2583 tanguntur,
1239 2514 1369 2565 unde
1402 2515 1514 2565 huie
1548 2513 1748 2564 carmini
1781 2517 1983 2582 propria
2017 2519 2193 2574 νόθος
2226 2521 2303 2580 11,
2341 2520 2372 2566 Ο
2408 2515 2664 2582 (σκότιος

267 2607 348 2655 ἅπ.
386 2604 474 2669 εζο.
511 2604 555 2654 Ζ
585 2605 669 2674 24)
704 2612 753 2656 et
787 2607 1036 2674 ἀνεψιός
1066 2608 1113 2669 5,
1151 2607 1198 2655 Ο.
1266 2605 1334 2656 Et
1368 2622 1517 2672 quum
1552 2604 1699 2655 duces
1743 2623 1846 2657 non
1890 2607 1994 2657 sine
2030 2606 2285 2659 comitibus
2336 2623 2395 2656 ac
2428 2605 2659 2657 ministris

265 2696 317 2745 in
366 2712 588 2762 pugnam
638 2698 834 2764 prodire
887 2697 1101 2759 soleant,
1153 2696 1206 2745 in
1256 2695 1408 2746 Iliade
1459 2695 1766 2763 potissimum
1814 2697 2174 2764 frequentatum
2225 2706 2300 2748 est
2351 2699 2500 2761 θερά
2511 2715 2597 2746 πω
2610 2714 2656 2761 ν,

266 2788 467 2836 ὀπάων
500 2793 663 2837 autem
701 2789 831 2855 quod
863 2789 962 2838 illic
1000 2788 1156 2838 sexies
1190 2787 1402 2853 positum
1437 2787 1489 2837 in
1517 2786 1742 2855 Odyssea
1782 2788 1963 2838 fi‘ustra
1997 2789 2242 2855 quaeritur
2274 2787 2465 2856 (quater
2499 2788 2659 2837 ὀπάων

262 2877 523 2942 Ἰδομενῆος
550 2877 630 2928 vel
664 2878 732 2930 Ἰδ.
768 2879 877 2946 ὄπι).
