3025 3608
1481 167 1548 211 ¹8

320 304 573 355 nator-ibus
607 303 937 370 grammaticis
965 304 1125 354 ‘multa
1158 304 1255 355 alia
1286 304 1547 355 constituta
1587 313 1700 354 sunt
1740 311 1884 369 atque
1929 319 1960 354 a
2007 304 2174 370 primis
2209 306 2366 371 poetis
2399 305 2507 355 fusa
2549 312 2702 367 erant,

320 394 449 444 unde
485 393 760 444 cavendnm
793 401 870 444 est
902 411 966 444 ne
1001 395 1214 445 numeris
1249 393 1581 460 exemplem
1615 393 1758 444 nimis
1793 393 2063 444 credamus.

456 482 556 535 Sed
583 484 817 551 quoniam
835 483 1059 553 Odyssea
1084 485 1250 552 plures
1283 492 1453 536 noctes
1487 485 1637 536 habet
1670 501 1816 551 quam
1850 483 1979 546 Ilias,
2014 482 2247 551 pleraque
2283 485 2522 536 vocabula
2553 503 2705 551 quae

317 575 392 624 ad
426 575 685 640 quietem
718 582 1067 626 nocturnam
1100 575 1410 640 pertinent
1441 575 1541 625 illic
1573 575 1766 640 saepius
1800 572 2112 636 adhibentur3
2159 591 2455 641 quamquam
2488 592 2548 624 ea
2580 593 2705 641 quae

317 663 553 714 latissime
597 673 769 731 patent
819 663 876 731 (ὅ
888 683 923 714 π
937 682 1029 721 νος
1081 673 1131 713 et
1183 664 1368 731 εὕδω)
1426 672 1480 714 ιιι
1530 665 1714 715 debent
1762 665 1948 730 utrique
2001 665 2204 714 carmini
2252 667 2526 716 communia
2577 673 2704 715 sunt.

321 754 555 805 Oetemm
589 755 725 804 verbi
759 754 889 803 εὕδω
934 754 1169 820 exemplis
1203 754 1436 819 inspectis
1484 753 1615 804 clare
1655 752 1958 819 intelligitur,
2013 754 2180 819 quanti
2231 754 2466 805 momenti
2515 754 2567 804 in
2616 772 2706 803 usu

318 843 671 895 vocabulorum
706 843 767 894 sit
801 851 1157 911 argumentum,
1193 861 1311 894 nam
1343 858 1493 909 quum
1525 842 1579 894 in
1610 842 1764 894 Iliade
1797 842 1956 893 tricies
1990 841 2203 909 legatur,
2246 863 2308 895 ex
2342 845 2416 895 his
2450 844 2569 894 locis
2604 862 2706 893 non

318 928 481 984 minus
524 933 780 984 duodecim
817 933 1033 984 Dolonia
1083 934 1419 995 continentur,
1477 934 1657 1000 quippe
1710 951 1807 999 quo
1859 932 2073 982 carmine
2124 930 2231 984 solo
2283 936 2417 1002 quies
2469 942 2707 985 nocturna

320 1025 557 1074 exercitus
609 1023 791 1074 Graeci
843 1025 1110 1074 accuratius
1163 1024 1463 1074 describatur
1522 1032 1571 1073 et
1621 1024 1822 1090 irruptio
1878 1024 1929 1072 in
1980 1022 2275 1076 dormientes
2327 1028 2455 1076 tacta
2513 1025 2705 1075 uberius

319 1123 557 1164 narretur.
637 1114 784 1176 Quod
817 1123 977 1165 autem
1012 1119 1155 1164 καθε
1169 1117 1296 1164 ύδει
1311 1132 1334 1163 ν
1383 1115 1434 1165 id
1469 1114 1693 1183 Odyssea
1739 1114 1994 1180 quinquies
2045 1113 2098 1163 in
2130 1113 2280 1164 Iliade
2330 1116 2480 1166 semel
2519 1123 2706 1165 tantum

319 1207 353 1254 A
390 1207 486 1254 611
524 1204 770 1254 invenitur
803 1203 990 1271 (Haupt
1023 1205 1053 1254 l.
1090 1204 1122 1254 l.
1159 1222 1207 1271 p.
1248 1205 1365 1272 100)
1415 1205 1466 1254 id
1501 1222 1618 1255 casu
1651 1204 1884 1255 accidisse
1919 1203 2340 1270 persuasissimum
2374 1204 2559 1268 habe03
2615 1222 2707 1255 nec

318 1294 482 1345 minus
515 1276 648 1361 quod
681 1295 885 1345 ἀωτὲω
916 1295 1114 1361 quidem
1144 1295 1197 1346 in
1222 1304 1427 1362 utroque
1452 1295 1667 1346 carmine
1702 1295 1853 1347 semel
1889 1295 1934 1344 K
1950 1296 2043 1344 159
2080 1296 2240 1355 κ548,
2277 1296 2427 1344 ἄεσα
2463 1305 2623 1346 autem
2654 1296 2707 1344 in

319 1384 474 1435 altero
508 1392 699 1435 tantum
731 1384 799 1451 (0,
830 1385 894 1452 6).
916 1386 1185 1437 adhibitum
1218 1395 1307 1436 est.
1375 1386 1453 1436 Ex
1489 1386 1686 1452 reliquis
1737 1403 1862 1452 quae
1904 1385 1999 1434 huc
2042 1385 2288 1449 pertinent
2335 1387 2528 1436 enotavi
2561 1387 2703 1435 haec:

320 1477 599 1537 δαρθάνω
633 1474 830 1541 (παροδ.
867 1477 1052 1546 ararad.)
1091 1480 1134 1538 1,
1173 1480 1202 1525 6
1239 1477 1391 1525 latim
1425 1481 1472 1538 4,
1510 1481 1539 1538 9
1585 1479 1828 1525 κνώσσω
1870 1477 1951 1524 dn.
1994 1476 2080 1539 εξο.
2116 1479 2150 1524 δ
2175 1478 2272 1525 609
2309 1479 2525 1541 κοιμάω
2559 1476 2708 1544 (quod

320 1583 471 1630 saepe
486 1566 1028 1635 translatedidmmest)
1059 1571 1139 1629 14,
1167 1570 1248 1624 28,
1285 1566 1374 1615 sed
1407 1569 1796 1629 κατακοιμάω
1829 1569 1877 1625 3,
1912 1569 1961 1614 0Γ
1991 1565 2106 1632 (alia
2140 1566 2270 1639 enim
2304 1567 2573 1633 composita
2606 1583 2709 1615 non

319 1655 651 1722 inveniuntur)
696 1660 892 1712 κοῖτος
921 1660 969 1719 0,
1009 1661 1038 1706 9
1075 1658 1237 1723 κοίτη
1272 1657 1424 1706 semel
1458 1674 1484 1705 τ
1517 1659 1613 1706 341
1651 1661 1812 1720 κῶμα
1843 1657 1888 1705 Ξ
1915 1658 2030 1719 358,
2066 1674 2100 1704 c
2131 1657 2244 1705 200.

458 1925 784 1990 Posteaquam
841 1925 991 1992 longe
1033 1927 1244 1976 maxima
1294 1936 1435 1992 parte
1486 1928 1835 1978 vocabulorum
1885 1928 1980 1976 huc
2030 1926 2375 1992 pertinentium
2429 1934 2709 1975 enumerata

322 2014 454 2064 clare
503 2022 557 2064 ut
590 2015 768 2079 opinor
799 2018 1046 2082 apparuit,
1097 2035 1201 2065 non
1243 2018 1476 2066 orationis
1520 2018 1606 2066 sed
1640 2017 1915 2082 argumenti
1958 2017 2286 2066 diversitatem
2319 2016 2491 2064 harum
2534 2016 2708 2065 discre-

319 2105 612 2172 pantiarum.
641 2122 836 2157 causam
879 2107 1052 2157 fuisse:
1105 2115 1275 2157 restat.
1307 2115 1360 2158 ut
1400 2124 1558 2173 pauca
1603 2107 1688 2157 illa
1726 2123 2030 2169 recenseam,
2084 2124 2291 2174 quorum
2332 2107 2708 2173 significationes

319 2197 519 2246 minime
573 2195 864 2248 obstiterunt
913 2198 1173 2265 quominus
1222 2198 1276 2247 in
1317 2206 1524 2265 ula-oque
1565 2199 1780 2248 carmine
1824 2198 1986 2248 locum
2030 2198 2320 2248 invenirent.
2390 2198 2528 2247 Haec
2565 2198 2710 2264 igitur

319 2303 457 2338 mero
493 2304 611 2337 casu
643 2286 708 2336 ab
742 2287 971 2338 alterutro
1006 2289 1226 2339 exsulare
1262 2296 1550 2339 stamemus:
1602 2289 1889 2354 praesertim
1932 2306 2044 2338 cum
2087 2296 2226 2338 tanta
2277 2304 2443 2337 eorum
2492 2288 2708 2352 paucitas

321 2377 396 2439 sit,
432 2385 485 2427 ut
518 2376 583 2427 ad
614 2377 924 2442 probandam
957 2379 1195 2430 sermonis
1230 2379 1560 2430 diversitatem
1606 2395 1913 2446 nequaquam
1947 2379 2200 2429 sufficiant.
2266 2377 2516 2439 Quatenus
2549 2386 2710 2428 autem

322 2484 465 2518 casus
515 2468 567 2519 in
601 2485 693 2519 usu
726 2468 1078 2519 vocabulorum
1112 2470 1388 2521 dominatus
1422 2470 1506 2529 sit,
1560 2468 1825 2519 clarissime
1869 2469 1982 2519 inde
2026 2468 2332 2535 intelligitur,
2388 2468 2518 2533 quod
2561 2485 2708 2534 saepe

320 2557 504 2608 factum
554 2566 651 2621 est,-
705 2566 758 2608 ut
790 2576 963 2610 versus
1013 2559 1136 2610 ratio
1183 2560 1400 2627 ejusdem
1432 2559 1569 2610 vocis
1613 2559 1817 2609 alteram
1856 2559 2065 2609 formam
2114 2560 2166 2609 in
2201 2557 2353 2609 Hiade
2405 2558 2606 2608 alteram
2657 2560 2709 2609 in

323 2647 601 2716 Odysscam
635 2649 790 2699 solam
825 2649 1111 2700 admitteret.
1156 2650 1302 2700 Velut
1334 2650 1626 2717 adjectivum
1659 2649 1979 2717 ab'Epessoe
2007 2649 2074 2716 (3,
2114 2651 2164 2718 6)
2201 2651 2397 2699 ductum
2431 2656 2479 2697 et
2504 2658 2709 2715 quatuor

321 2738 523 2805 syllabis
559 2740 755 2790 effertur
788 2747 836 2790 et
868 2740 1023 2791 tribus
1058 2738 1331 2806 (ἐρεβεννός
1353 2748 1403 2790 et
1419 2739 1660 2806 ἐρεμνός);
1696 2739 1868 2790 harum
1901 2741 2164 2791 formarum
2198 2740 2281 2789 illa
2314 2738 2457 2789 hodie
2491 2740 2541 2788 in
2558 2739 2710 2789 Iliade

322 2827 428 2878 sola
462 2828 639 2894 legitur
671 2827 740 2894 (8,
776 2829 828 2896 0)
860 2829 982 2879 haec
1014 2830 1067 2879 in
1103 2838 1306 2896 utroque
1339 2829 1418 2896 (3,.
1445 2830 1512 2897 2).
1583 2828 1687 2880 Cur
1735 2830 1935 2896 ἑξείης
1975 2832 2164 2897 utrique
2207 2829 2409 2879 carmini
2453 2847 2708 2880 commune

322 2917 405 2980 sit,
434 2919 536 2984 ἐξῆ
543 2937 570 2975 ς
605 2920 657 2968 in
694 2919 918 2987 Odyssea
951 2927 1140 2972 tantum
1173 2921 1449 2971 inveniatur
1482 2919 1549 2987 (Ο,
1589 2923 1616 2968 ’1
1620 2920 1662 2987 ):
1715 2937 1773 2970 ea
1824 2937 1971 2971 causa
2022 2929 2118 2982 est,
2172 2920 2302 2986 quod
2351 2919 2419 2969 ibi
2468 2921 2520 2970 in
2564 2936 2711 2971 versu

323 3009 479 3059 sexies
532 3020 809 3061 recurrente
862 3010 1189 3062 adhibendum
1241 3019 1346 3062 erat
1396 3013 1512 3076 ἑξῆς
1559 3009 1603 3058 δ’
1653 3012 1861 3073 ἑζόμενοι
1914 3011 2075 3076 πολίην
2125 3013 2216 3060 ἅλα
2269 3010 2435 3058 τύπτον
2486 3011 2709 3073 ἐρετμοῖς.

326 3098 545 3162 Νήπιος
575 3118 833 3150 commune
869 3109 967 3161 est,
1011 3101 1098 3150 sed
1133 3104 1412 3165 νηπύτιος
1439 3101 1509 3167 (9,
1548 3102 1599 3166 0)
1634 3110 1682 3149 et
1717 3103 2005 3167 νηπίαχος
2037 3106 2082 3161 3,
2120 3106 2151 3150 0
2187 3103 2249 3149 ab
2286 3101 2508 3167 Odyssea
2542 3104 2700 3150 aliena
