3025 3608
327 334 582 396 θεουδής
621 338 878 396 praeterea
922 330 1000 380 bis
1046 347 1071 378 τ
1107 330 1220 392 109,
1258 329 1391 396 364).
1460 329 1724 392 πομπεύς
1753 329 1801 388 Ο,
1838 329 1869 376 5
1915 329 2108 391 πομπή
2146 331 2190 389 1,
2229 329 2292 377 22
2334 327 2400 388 (Ζ
2432 329 2524 375 171
2563 327 2713 390 αὐτὰρ

326 425 356 472 0‘
384 423 453 488 βῆ
487 421 710 487 Λυκίηνδε
744 425 872 471 θεῶν
906 421 981 471 ὑπ’
1017 421 1215 484 ἀμύμονι
1249 421 1454 487 πομπῇ),
1508 419 1794 482 πομπεύω
1840 419 1922 467 ἅπ.
1955 417 2044 480 εζο.
2085 419 2126 466 Υ
2152 420 2267 468 422.
2345 416 2444 468 Sed
2485 419 2719 480 πομπάς·

326 512 459 578 quod
507 513 560 560 in
596 511 825 580 Odyssea
856 520 954 572 ter,
1004 512 1056 560 in
1089 510 1242 559 Iliade
1290 509 1441 559 octies
1473 510 1707 575 positum,
1760 525 1964 574 quorum
2017 508 2350 575 exemplorum
2400 506 2612 573 quinque
2661 509 2715 557 in

324 601 503 652 librum
536 609 806 652 extremum
849 601 1051 662 cadunt,
1103 601 1188 650 ubi
1220 601 1441 648 Priamus
1485 618 1516 648 a
1548 600 1788 648 Mercurio
1829 600 1881 647 in
1916 606 2077 648 castra
2111 598 2417 649 Graecorum
2451 597 2712 649 deducitur.

326 690 559 743 Ceterum
593 692 714 742 nihil
747 709 807 741 ex
839 691 936 741 hoc
968 707 1149 756 genere
1182 689 1567 751 memorabilius,
1622 707 1768 755 quam
1810 689 1940 755 quod
1982 689 2032 738 id
2065 690 2357 741 vocabulum
2399 709 2494 759 quo
2528 690 2714 742 nullum

324 782 378 833 in
413 782 640 852 Odyssea
672 782 969 848 frequentius
1004 790 1093 844 est,
1126 784 1390 847 μνηστήρ
1404 816 1418 840 ,
1452 781 1504 829 in
1538 780 1691 830 Iliade
1725 797 1789 830 ne
1824 779 1975 830 semel
2009 780 2206 846 quidem
2236 783 2493 834 invenitur.
2563 782 2715 834 Verbi

321 892 360 938 μ
376 875 479 924 udo
484 893 565 938 μα
578 892 595 923 ι
629 873 981 940 significatione
1016 872 1210 938 nuptias
1246 871 1504 937 expetendi
1536 872 1756 938 usurpati
1771 871 2026 921 Dammius
2059 887 2119 926 ex
2138 871 2363 942 Odyssea
2388 874 2715 940 duodeviginti

327 966 552 1030 exempla
585 965 738 1025 affert,
776 981 834 1013 ex
864 963 1015 1012 Iliade
1053 962 1240 1011 nullum
1274 962 1624 1028 (μνηστεύω,
1660 964 1707 1024 Ο,
1746 965 1774 1011 2
1807 963 2069 1028 μνηστύς
2099 963 2180 1012 ἅπ.
2198 964 2337 1032 εῖρ.β
2357 964 2486 1032 199).
2521 964 2715 1014 Numne

326 1055 436 1105 ideo
470 1054 594 1105 haec
627 1054 795 1106 omnia
825 1053 991 1104 Iliadis
1025 1053 1183 1119 poetis
1225 1052 1395 1117 ignota
1427 1053 1574 1103 fuisse
1610 1052 1898 1102 credemus?
1948 1054 2236 1118 praesertim
2279 1073 2427 1121 quum
2466 1056 2713 1122 μνησταὶ

327 1145 487 1212 ἄλοχοι
520 1144 573 1195 in
607 1143 760 1215 Iliade
794 1144 937 1195 toties
970 1143 1297 1206 inveniantur,
1334 1143 1520 1209 quoties
1555 1143 1606 1192 in
1625 1142 1851 1211 Odyssea
1885 1143 1950 1209 (4,
1987 1144 2053 1211 4).
2106 1144 2338 1195 Ceterum
2370 1147 2455 1194 illa
2486 1148 2713 1213 frequens

324 1253 589 1303 procorum
621 1235 909 1286 memoratio
943 1235 1079 1298 fecit,
1133 1245 1186 1284 ut
1219 1234 1457 1283 nonnulla
1491 1235 1704 1300 epitheta
1755 1251 1880 1301 quae
1932 1236 2007 1285 his
2059 1237 2281 1302 apprime
2316 1237 2612 1288 conveniunt
2661 1238 2713 1287 in

326 1327 552 1396 Odyssea
586 1327 830 1377 celebrata
864 1327 986 1389 sint,
1039 1327 1249 1376 maxime
1301 1325 1718 1391 ὑπερηνορέων
1769 1333 1818 1375 et
1867 1327 2248 1391 ὑπερφίαλος.
2324 1328 2452 1378 Illud
2485 1329 2712 1394 genetivo

324 1417 501 1486 plurali
532 1418 746 1485 positum
779 1435 976 1468 versum
1008 1418 1273 1468 terminare
1307 1417 1446 1480 solet,
1484 1417 1615 1483 quod
1647 1417 1699 1466 in
1732 1416 1958 1484 Odyssea
1991 1417 2249 1468 duodecies
2284 1419 2485 1481 factum,
2538 1421 2711 1484 quibus

323 1509 445 1559 locis
480 1525 592 1558 cum
625 1509 809 1572 ἀνδρῶν
842 1508 923 1557 vel
957 1524 1070 1558 cum
1104 1508 1222 1557 νέων
1257 1508 1570 1575 conjunctum
1605 1516 1679 1557 est
1711 1506 1805 1572 (est
1838 1508 1984 1557 etiam
2018 1508 2101 1557 ubi
2136 1508 2196 1558 de
2216 1507 2515 1576 Cyclopibus
2534 1509 2714 1559 dictum

323 1599 429 1667 sit):
466 1615 616 1665 quum
649 1605 816 1648 tamen
849 1599 881 1664 ἡ
896 1598 1069 1664 νορέη
1102 1597 1245 1648 Iliadi
1277 1597 1521 1664 peculiare
1557 1598 1619 1647 sit
1652 1596 1718 1663 (4,
1758 1598 1829 1665 1),
1865 1598 1918 1647 in
1953 1615 2049 1663 qua
2083 1598 2373 1665 adjectivum
2414 1600 2490 1648 bis
2523 1609 2711 1649 tantum

321 1689 568 1739 invenitur
617 1687 697 1754 (de
733 1688 963 1755 Trojanis
1014 1696 1063 1737 et
1106 1687 1167 1737 de
1217 1687 1514 1754 Deiphobo).
1603 1688 1791 1738 Contra
1840 1688 2036 1738 alterius
2087 1688 2311 1754 adjectivi
2362 1690 2719 1754 ὑπερφίαλος

322 1776 391 1844 (7,
411 1778 496 1845 20)
531 1777 721 1827 dativus
755 1777 958 1843 pluralis
993 1777 1213 1827 adhiberi
1247 1777 1372 1827 solet
1396 1777 1734 1844 (ὑπερφιάλοισι
1764 1779 1874 1841 μεθ’
1911 1779 2014 1842 ὑμῖν
2045 1788 2135 1841 ter,
2168 1783 2450 1844 μνηστῆρσιν
2485 1780 2714 1844 ὑπερφιά-

321 1870 464 1917 λοισιν
497 1868 670 1917 novies
703 1868 882 1934 legitur
913 1869 966 1916 in
1003 1868 1261 1937 Odyssea).
1313 1868 1479 1919 Etiam
1513 1869 1797 1936 ὑπέρβιος
1827 1868 1887 1918 de
1921 1867 2083 1934 procis
2119 1867 2212 1918 dici
2246 1866 2370 1918 solet
2404 1866 2471 1933 (2,
2509 1871 2537 1919 8
2554 1899 2623 1908 --
2640 1879 2715 1920 ter

322 1961 548 2027 ὑπέρβιον
582 1959 717 2025 ὕβριν
759 1957 988 2025 ἔχοντες).
1056 1958 1220 2008 Semel
1261 1958 1463 2007 audiunt
1504 1959 1980 2023 ὑπερμενέοντες
2014 1973 2038 2008 τ
2073 1960 2152 2023 62,
2189 1974 2313 2025 quae
2336 1958 2495 2010 forma
2522 1968 2714 2025 praeter

321 2050 454 2099 hunc
486 2050 648 2099 locum
680 2067 785 2099 non
816 2049 1073 2098 invenitur.
1145 2049 1335 2099 Contra
1366 2049 1564 2100 fortuito
1599 2050 1774 2102 accidit
1805 2059 1859 2102 ut
1890 2065 2156 2117 numquam
2190 2057 2427 2100 vocentur
2461 2050 2488 2099 ὑ
2501 2068 2569 2100 πε
2578 2070 2613 2114 ρ
2619 2070 2712 2115 με·

323 2142 419 2191 νέε
434 2159 480 2204 ς,
517 2141 649 2208 quod
682 2140 951 2208 epithetum
983 2141 1036 2190 in
1069 2139 1211 2191 Iliadi
1243 2140 1362 2192 Jovi
1394 2141 1592 2208 regibus
1628 2142 1772 2193 sociis
1796 2141 2020 2193 tribuitur
2036 2140 2292 2192 duodecim
2318 2140 2453 2203 locis,
2491 2140 2715 2210 Odyssea

319 2233 416 2284 hoc
449 2250 554 2283 non
586 2232 737 2283 habet
769 2231 864 2283 nisi
899 2249 922 2281 ν
940 2233 1040 2282 205
1076 2249 1104 2281 υ
1123 2233 1221 2282 222
1248 2228 1523 2298 (utrobique
1555 2234 1859 2297 ὑπερμενέων
1881 2233 2156 2300 βασιλήων).
2196 2232 2551 2294 Ὑπέρθυμος
2584 2237 2661 2296 19,
2681 2237 2711 2284 8

320 2323 452 2390 apud
482 2323 756 2374 Homerum
788 2340 1057 2389 numquam
1088 2321 1281 2372 videtur
1329 2322 1382 2372 in
1422 2323 1605 2373 malam
1638 2333 1830 2390 partem
1871 2323 2207 2390 accipiendum
2250 2338 2380 2384 esse,
2434 2339 2592 2389 neque
2625 2341 2712 2374 un-

320 2431 467 2480 quam
501 2413 563 2463 de
596 2414 759 2480 procis
794 2413 988 2476 dicitur;
1039 2412 1092 2461 in
1125 2412 1278 2462 Iliade
1313 2430 1463 2479 quum
1496 2416 1700 2481 singulis
1743 2414 1972 2464 heroibus
2013 2422 2118 2464 tum
2161 2412 2389 2479 Trojanis
2432 2420 2481 2462 et
2511 2413 2711 2465 Achivis

318 2503 554 2554 tribuitur.
626 2503 807 2554 Similis
841 2503 1040 2569 epitheti
1068 2505 1410 2567 μεγάθυμος
1457 2504 1662 2556 numero
1709 2504 1885 2571 plurali
1927 2504 2073 2571 positi
2114 2503 2215 2571 (24,
2254 2502 2305 2570 3)
2340 2503 2563 2569 exempla
2596 2521 2710 2554 enu-

318 2594 525 2644 meravit
556 2594 799 2661 Hauptius
835 2592 906 2660 (in
940 2593 1052 2644 add.
1087 2594 1152 2644 ad
1183 2593 1387 2644 Lachm.
1422 2594 1531 2645 libr.
1569 2594 1630 2645 de
1664 2595 1722 2646 Il.
1758 2613 1808 2662 p.
1848 2595 1978 2664 104).
2052 2593 2152 2645 Sed
2187 2593 2319 2660 quod
2355 2592 2406 2642 id
2439 2611 2541 2643 non
2576 2595 2707 2644 inve-

318 2685 450 2734 nitur
499 2684 593 2733 nisi
643 2701 754 2733 cum
797 2684 1017 2750 gentium
1049 2668 1329 2734 nominibus
1371 2685 1682 2753 conjunctum
1734 2685 1851 2752 (uno
1885 2685 1996 2736 loco
2031 2693 2236 2751 excepto
2271 2683 2312 2733 B
2346 2681 2454 2750 53):
2505 2683 2555 2733 id
2606 2702 2709 2735 non

318 2775 478 2825 minus
531 2791 649 2824 casu
698 2774 879 2825 factum
930 2773 1161 2838 arbitror,
1216 2793 1361 2843 quam
1404 2775 1614 2842 plurima
1657 2775 1854 2840 similia,
1907 2776 1967 2826 de
2020 2758 2218 2842 quibus¹
2245 2774 2459 2824 breviter
2508 2774 2604 2824 dixi
2655 2776 2709 2826 in

318 2865 537 2916 Philol.
573 2865 661 2917 VI.
696 2883 746 2933 p.
783 2868 879 2916 247
922 2874 973 2917 et
1010 2865 1276 2917 novissime
1316 2866 1586 2918 luculenter
1628 2867 1889 2934 disputavit
1933 2867 2065 2918 Alb.
2103 2867 2398 2918 Schuster
2449 2864 2589 2930 (iiber
2630 2867 2706 2916 die

318 2955 546 3007 kritische
581 2956 873 3021 Benutzung
913 2956 1247 3006 homerischer
1278 2958 1543 3025 Adjeetive.
1617 2957 1867 3008 Clausthal
1906 2958 2069 3026 1859).
