3025 3608
1459 228 1775 291 „miii—i--

413 371 585 414 eontra
619 363 921 418 ἀσπαστός
950 361 1018 428 (0,
1058 362 1107 430 ἵ)
1159 363 1238 412 hic
1288 370 1478 412 tantum
1523 363 1718 429 legitur,
1768 364 2066 419 ἀσπάσιος
2092 363 2189 412 illic
2223 381 2431 432 quoque.
2501 363 2649 415 Addo
2685 364 2801 414 ulia:

410 456 762 520 ἱππηλάσιος
799 455 844 515 2,
880 455 913 501 θ
957 454 1285 518 ἱππήλατος
1315 455 1362 516 0,
1401 457 1454 516 2;
1508 454 1812 520 ἀγακλεής
1843 457 1890 516 5,
1928 456 1960 503 Ο
2003 455 2332 517 ἀγαιλυτός
2365 458 2409 519 1,
2447 457 2477 505 9
2524 452 2803 519 ἀγακλει-

410 547 504 601 τός·
532 548 579 606 5,
616 548 648 593 6
685 542 939 608 (κλεινός
973 547 1114 603 14,1
1152 545 1204 592 in
1237 544 1390 593 Iliade
1425 559 1536 593 cum
1569 546 1810 612 ἑκατόμβη
1845 546 2082 607 ἐπίκουροι
2111 546 2355 602 Πανοπεύς
2384 545 2716 613 conjungitur,
2753 545 2805 593 in

410 631 639 703 Odyssea
673 637 707 690 ζ’
731 637 798 684 54
827 636 951 697 μετὰ
987 635 1194 692 κλειτοὺς
1220 634 1475 702 βασιλῆας)
1509 634 1702 697 ἀλέγω
1735 638 1782 697 4,
1819 637 1849 684 6
1887 635 2139 696 ἀλεγίζω
2173 638 2220 696 6,
2253 637 2284 684 0
2319 635 2508 702 (contra
2540 636 2805 699 ἀλεγύνω

407 725 540 791 quod
573 740 678 773 non
713 724 884 772 dicitnr
918 725 1010 773 nisi
1045 725 1106 772 de
1142 741 1299 789 coena
1332 725 1555 790 paranda
1589 728 1635 786 Ο,
1673 726 1739 792 5).

543 836 735 886 Deinde
769 853 869 886 uon
905 850 1017 886 raro
1051 836 1234 886 factum
1270 844 1344 886 est
1390 844 1442 886 ut
1474 836 1720 887 Homerus
1755 836 1917 887 verbis
1953 835 2210 903 primitivis
2262 837 2314 886 in
2346 843 2549 903 utroque
2585 837 2800 888 carmine

408 946 524 979 usus
559 927 635 989 sit,
671 923 729 976 iis
764 933 924 976 autem
958 943 1082 992 quae
1116 925 1229 976 inde
1266 925 1484 976 derivata
1518 934 1631 976 sunt
1664 927 1716 975 in
1749 926 1979 988 alterutro
2015 936 2205 975 tantum
2243 927 2320 976 vel
2358 928 2467 976 viee
2502 944 2671 978 versa:
2717 935 2801 976 aut

405 1025 458 1069 ut
492 1018 552 1067 de
587 1016 836 1067 vocabulis
873 1035 965 1083 que
1002 1032 1062 1065 ex
1097 1015 1270 1065 eadem
1305 1017 1455 1082 stirpe
1491 1016 1728 1083 originem
1760 1018 1940 1068 ducunt
1974 1018 2069 1067 alia
2104 1017 2197 1080 hic,
2236 1017 2333 1067 alia
2365 1015 2462 1067 illie
2495 1025 2685 1068 tantum
2719 1013 2800 1068 ad-

406 1110 559 1159 hibita
594 1109 705 1158 sint.
778 1109 922 1169 Quod
957 1126 1059 1156 non
1095 1125 1121 1155 e
1158 1108 1397 1165 sermonis
1433 1108 1731 1170 diversitate,
1785 1109 1870 1157 sed
1920 1126 1946 1157 e
1991 1125 2109 1158 casu
2150 1106 2469 1174 repetendum
2502 1125 2610 1159 esse
2653 1121 2800 1158 nemo

406 1217 509 1248 non
544 1199 689 1246 videt.
760 1198 1009 1247 Nonnulla
1043 1198 1137 1246 huc
1173 1198 1466 1264 pertinentia
1500 1214 1650 1264 supra
1684 1198 1832 1264 tetigi.
1918 1197 2062 1247 Addo
2098 1197 2206 1247 alia.
2278 1196 2497 1248 Verbum
2542 1196 2701 1247 ἔλπω
2752 1208 2801 1250 et

405 1289 666 1353 ἔλπομαι
718 1286 770 1339 in
816 1297 1020 1354 utroque
1068 1289 1282 1339 carmine
1316 1288 1581 1348 invenitur,
1632 1288 1932 1344 substantiva
1978 1287 2149 1345 ἔλπις
2179 1291 2227 1351 0,
2265 1290 2295 1337 2
2333 1296 2382 1338 et
2416 1289 2647 1354 ἐλπωρή
2682 1290 2729 1350 Ο,
2767 1293 2799 1337 4

400 1381 452 1430 in
488 1380 714 1448 Odyssea
746 1387 949 1429 tantum.
1020 1379 1159 1429 Idem
1193 1379 1323 1429 valet
1358 1379 1417 1428 de
1454 1379 1692 1445 adjectivo
1730 1381 1964 1435 πινυτός
1995 1380 2042 1439 Ο,
2081 1382 2136 1441 63
2175 1397 2326 1445 quum
2359 1380 2475 1428 Ilias
2513 1397 2615 1428 non
2647 1379 2797 1428 modo

402 1470 609 1520 verbum
645 1470 908 1519 πινύσσω
959 1469 1139 1518 habeat
1190 1469 1277 1519 sed
1318 1468 1465 1518 etiam
1507 1469 1862 1519 substantivum
1908 1471 2129 1533 πινυτή.
2199 1471 2244 1518 Κ
2253 1473 2397 1525 &doc
2446 1479 2495 1518 et
2529 1485 2651 1535 quae
2683 1470 2797 1518 inde

403 1560 643 1610 ducuntur
675 1559 864 1626 utrique
899 1560 1103 1608 carmini
1138 1560 1416 1609 communia
1450 1567 1586 1620 sunt,
1631 1567 1825 1625 praeter
1857 1560 2070 1607 κυδιάω
2105 1562 2151 1621 4,
2191 1562 2245 1622 03
2300 1576 2394 1609 nec
2428 1561 2684 1608 κυδαίνω
2717 1559 2798 1607 vel

400 1652 625 1700 κυδάνω
660 1648 793 1715 quod
826 1650 877 1698 in
910 1649 1062 1699 Iliade
1096 1650 1284 1712 novies,
1320 1651 1372 1698 in
1410 1649 1635 1717 Odyssea
1668 1650 1778 1716 plus
1812 1649 1961 1699 semel
1995 1648 2265 1699 adhibitum
2299 1658 2388 1699 est.

539 1774 758 1825 Similem
791 1774 1032 1824 rationem
1065 1774 1118 1822 in
1152 1791 1242 1823 usu
1276 1773 1566 1839 simplicium
1599 1781 1649 1822 et
1673 1773 2048 1839 compositorum
2085 1790 2234 1839 saepe
2270 1774 2538 1823 obtinuisse
2574 1773 2793 1835 vidimus,

406 1872 460 1914 ut
476 1864 680 1912 alterum
700 1882 858 1929 genus
892 1863 972 1911 vel
1005 1864 1058 1910 in
1092 1865 1188 1912 hoe
1222 1864 1303 1911 vel
1335 1865 1388 1912 in
1420 1864 1505 1912 illo
1540 1864 1754 1911 carmine
1787 1864 1979 1912 fortuito
2013 1864 2177 1912 locum
2210 1880 2314 1912 non
2349 1864 2610 1925 invenerit,
2647 1879 2797 1928 quum

407 1954 612 2003 alterum
662 1955 714 2002 in
765 1962 969 2019 utroque
1021 1953 1306 2002 celebretur.
1393 1953 1541 2010 Velut
1574 1953 1750 2010 ἀλαός
1782 1955 1828 2015 0,
1866 1955 1895 2002 3
1931 1953 2126 2002 ἀλαόω
2171 1955 2219 2015 Ο,
2259 1955 2288 2002 2
2326 1953 2588 2009 ἀλαωτύς·
2623 1951 2795 2018 (semel

405 2043 558 2109 e503)
577 2043 832 2111 Odysseae
866 2043 1129 2109 peculiaria
1162 2052 1298 2105 sunt,
1335 2042 1422 2092 sed
1440 2044 1764 2109 compositum
1797 2043 2147 2110 ἀλαοσκοπίη
2182 2042 2336 2105 Uiadi,
2373 2042 2456 2092 ubi
2482 2050 2651 2110 quater
2671 2042 2796 2093 redit

401 2132 758 2193 hemistichium
790 2135 892 2183 οὐδ’
926 2134 1240 2200 ἀλαοσκοπίην
1285 2131 1411 2199 εἶχε,
1464 2134 1596 2200 quod
1647 2134 1797 2184 semel
1846 2135 1897 2184 in
1933 2133 2210 2202 Odysseam
2262 2151 2455 2201 quoque
2486 2134 2795 2205 ‘translatum

402 2232 477 2273 est
510 2227 542 2272 o
578 2227 692 2274 285.
762 2226 903 2289 Δίχα
954 2226 1007 2274 in
1062 2225 1287 2293 Odyssea
1339 2226 1639 2290 frequentius
1693 2235 1767 2274 est
1808 2228 1853 2286 3,
1893 2228 1919 2272 7
1957 2225 2164 2289 ἄνδιχα
2199 2229 2246 2286 5,
2284 2227 2315 2274 Ο
2351 2227 2618 2290 διάνδιχα
2653 2228 2699 2287 4,
2736 2227 2790 2288 03

401 2314 574 2361 δείδω
607 2315 659 2363 in
693 2325 898 2380 utroque
934 2316 1312 2375 usitatissimum,
1351 2316 1439 2365 sed
1475 2316 1797 2377 περιδείδια
1834 2317 1877 2376 7,
1915 2316 1970 2376 Ο;
2008 2323 2057 2362 et
2091 2314 2161 2363 sic
2195 2315 2405 2379 plurima
2437 2315 2546 2365 alia.

529 2437 675 2488 Nunc
713 2447 876 2488 autem
912 2440 976 2488 ad
999 2441 1149 2488 finem
1183 2457 1460 2506 properans
1496 2440 1670 2488 iterum
1705 2440 1968 2504 iterumque
1993 2455 2173 2488 moneo
2208 2455 2271 2488 ne
2306 2421 2507 2489 in'textu
2539 2447 2615 2489 tot
2628 2440 2796 2489 tantis-

398 2545 491 2594 que
525 2529 873 2580 mutationibus
909 2531 1125 2580 obnoxio
1159 2530 1374 2579 numeris
1409 2529 1748 2595 exemplorum
1788 2527 1897 2594 plus
1933 2528 2065 2594 justo
2098 2528 2351 2578 tribuatur.
2438 2529 2612 2597 Neque
2663 2530 2793 2579 enim

395 2618 500 2668 veri
534 2618 764 2668 dissimile
800 2628 875 2670 est
908 2620 1060 2670 multa
1103 2637 1227 2686 quae
1261 2620 1407 2670 hodie
1448 2620 1501 2669 in
1535 2620 1687 2669 altero
1722 2627 1908 2668 tantum
1946 2619 2160 2667 carmine
2195 2619 2530 2684 inveniantur,
2584 2620 2699 2672 olim
2739 2621 2791 2669 in

394 2715 598 2774 utroque
633 2709 796 2760 fuisse.
870 2710 1016 2772 Quod
1050 2711 1258 2760 maxime
1299 2710 1432 2760 valet
1475 2711 1538 2759 de
1581 2711 1637 2760 iis
1673 2709 1872 2759 vocibus
1925 2718 1974 2757 et
2006 2708 2250 2770 formulis,
2306 2726 2432 2775 quae
2486 2728 2637 2762 sensu
2687 2728 2791 2760 non

392 2807 577 2848 mutato
628 2800 769 2848 facile
809 2801 1019 2849 invicem
1062 2802 1327 2866 permutari
1370 2808 1612 2867 poterant.
1693 2799 1845 2861 Βαρύ
1895 2800 2189 2863 στενάχων
2239 2815 2333 2850 nos
2380 2801 2433 2850 in
2481 2800 2633 2850 Iliade
2684 2800 2792 2850 sola

391 2888 596 2954 legimus
648 2891 849 2958 septies3
904 2891 990 2941 sed
1031 2891 1057 2940 Ι
1102 2894 1162 2940 16
1207 2900 1338 2940 certe
1389 2908 1479 2956 pro
1535 2891 1602 2945 ὣς
1647 2892 1673 2937 ὁ
1717 2889 1846 2954 βαρὺ
1895 2891 2133 2952 στενάχων
2180 2889 2302 2939 alios
2352 2890 2530 2955 legisse
2582 2891 2651 2947 ὣς
2704 2891 2792 2953 ὅγε

393 2979 543 3040 δάκρυ
573 2979 703 3042 χέων
738 2982 915 3032 diserte
950 2982 1167 3031 traditur.
1227 2982 1391 3048 ’θλβος
1429 2992 1477 3029 et
1510 2996 1632 3046 quae
1667 2979 1780 3027 inde
1815 2972 2056 3029 ducuntur
2090 2980 2235 3029 hodie
2279 2981 2329 3029 in
2366 2979 2593 3048 Odyssea
2626 2980 2790 3032 multis

391 3068 610 3136 partibus
652 3070 982 3139 frequentiora
1025 3079 1139 3123 sunt
1189 3088 1335 3138 quam
1381 3071 1433 3121 in
1474 3069 1645 3120 Iliade:
1700 3069 1870 3135 ὄλβος
1901 3070 1948 3131 3,
1987 3072 2016 3121 8
2061 3069 2261 3136 ὄλβιος
2296 3073 2337 3130 l,
2381 3073 2444 3119 14
2490 3071 2788 3136 ὀλβιοδαί-
