<?xml version="1.0" encoding="UTF-8"?>
<!DOCTYPE html PUBLIC "-//W3C//DTD XHTML 1.0 Transitional//EN"
    "http://www.w3.org/TR/xhtml1/DTD/xhtml1-transitional.dtd">
<html xmlns="http://www.w3.org/1999/xhtml" xml:lang="en" lang="en">
 <head>
  <title>
</title>
<meta http-equiv="Content-Type" content="text/html;charset=utf-8" />
  <meta name='ocr-system' content='tesseract 3.04.00' />
  <meta name='ocr-capabilities' content='ocr_page ocr_carea ocr_par ocr_line ocrx_word'/>
</head>
<body>
  <div class='ocr_page' id='page_1' title='image "./4770486_0013.png"; bbox 0 0 3025 3608; ppageno 0'>
   <div class='ocr_carea' id='block_1_1' title="bbox 1486 211 1518 255">
    <p class='ocr_par' dir='ltr' id='par_1_1' title="bbox 1486 211 1518 255">
     <span class='ocr_line' id='line_1_1' title="bbox 1486 211 1518 255; baseline 0 0"><span class='ocrx_word' id='word_1_1' title='bbox 1486 211 1518 255; x_wconf 70' lang='grc'><strong>7</strong></span> 
     </span>
    </p>
   </div>
   <div class='ocr_carea' id='block_1_2' title="bbox 1335 270 1670 279">
    <p class='ocr_par' dir='ltr' id='par_1_2' title="bbox 1335 270 1670 279">
     <span class='ocr_line' id='line_1_2' title="bbox 1335 270 1670 279; baseline 0 0"><span class='ocrx_word' id='word_1_2' title='bbox 1335 270 1670 279; x_wconf 95' lang='lat' dir='ltr'><strong> </strong></span> 
     </span>
    </p>
   </div>
   <div class='ocr_carea' id='block_1_3' title="bbox 298 347 2693 2583">
    <p class='ocr_par' dir='ltr' id='par_1_3' title="bbox 298 347 2693 2583">
     <span class='ocr_line' id='line_1_3' title="bbox 444 347 2691 414; baseline 0 -17"><span class='ocrx_word' id='word_1_3' title='bbox 444 347 607 398; x_wconf 83' lang='lat' dir='ltr'><strong>Iliadis</strong></span> <span class='ocrx_word' id='word_1_4' title='bbox 640 364 882 413; x_wconf 79' lang='lat' dir='ltr'><strong>personae</strong></span> <span class='ocrx_word' id='word_1_5' title='bbox 915 347 1174 414; x_wconf 77' lang='lat' dir='ltr'><strong>pleraeque</strong></span> <span class='ocrx_word' id='word_1_6' title='bbox 1226 357 1310 398; x_wconf 87' lang='lat' dir='ltr'><strong>aut</strong></span> <span class='ocrx_word' id='word_1_7' title='bbox 1347 349 1400 398; x_wconf 86' lang='lat' dir='ltr'><strong>in</strong></span> <span class='ocrx_word' id='word_1_8' title='bbox 1440 348 1570 398; x_wconf 86' lang='lat' dir='ltr'><strong>bello</strong></span> <span class='ocrx_word' id='word_1_9' title='bbox 1605 348 1822 414; x_wconf 85' lang='lat' dir='ltr'><strong>gerendo</strong></span> <span class='ocrx_word' id='word_1_10' title='bbox 1873 356 1956 396; x_wconf 85' lang='lat' dir='ltr'><strong>aut</strong></span> <span class='ocrx_word' id='word_1_11' title='bbox 1988 366 2040 396; x_wconf 87' lang='lat' dir='ltr'><strong>re</strong></span> <span class='ocrx_word' id='word_1_12' title='bbox 2076 349 2273 413; x_wconf 75' lang='lat' dir='ltr'><strong>publica</strong></span> <span class='ocrx_word' id='word_1_13' title='bbox 2304 349 2691 398; x_wconf 73' lang='lat' dir='ltr'><strong>administranda</strong></span> 
     </span>
     <span class='ocr_line' id='line_1_4' title="bbox 312 438 2692 505; baseline 0.001 -20"><span class='ocrx_word' id='word_1_14' title='bbox 312 454 516 501; x_wconf 80' lang='lat' dir='ltr'>operam</span> <span class='ocrx_word' id='word_1_15' title='bbox 548 445 790 504; x_wconf 74' lang='lat' dir='ltr'><strong>ponentes</strong></span> <span class='ocrx_word' id='word_1_16' title='bbox 821 448 1164 503; x_wconf 83' lang='lat' dir='ltr'><strong>proponuntur</strong></span> <span class='ocrx_word' id='word_1_17' title='bbox 1196 438 1331 503; x_wconf 87' lang='lat' dir='ltr'><strong>(binc</strong></span> <span class='ocrx_word' id='word_1_18' title='bbox 1362 439 1414 486; x_wconf 90' lang='lat' dir='ltr'><strong>in</strong></span> <span class='ocrx_word' id='word_1_19' title='bbox 1447 438 1598 487; x_wconf 81' lang='lat' dir='ltr'>Iliade</span> <span class='ocrx_word' id='word_1_20' title='bbox 1634 439 1906 488; x_wconf 83' lang='lat' dir='ltr'><strong>celebratur</strong></span> <span class='ocrx_word' id='word_1_21' title='bbox 1934 440 2298 504; x_wconf 78' lang='grc' dir='ltr'><strong><em>βουληφόροι</em></strong></span> <span class='ocrx_word' id='word_1_22' title='bbox 2331 438 2434 504; x_wconf 85' lang='grc'>(15,</span> <span class='ocrx_word' id='word_1_23' title='bbox 2473 440 2523 505; x_wconf 89' lang='grc'><strong>2)</strong></span> <span class='ocrx_word' id='word_1_24' title='bbox 2557 439 2692 505; x_wconf 89' lang='lat' dir='ltr'><strong>quod</strong></span> 
     </span>
     <span class='ocr_line' id='line_1_5' title="bbox 308 526 2688 595; baseline -0 -18"><span class='ocrx_word' id='word_1_25' title='bbox 308 526 538 594; x_wconf 77' lang='lat' dir='ltr'><strong>Odyssea</strong></span> <span class='ocrx_word' id='word_1_26' title='bbox 554 528 743 577; x_wconf 88' lang='lat' dir='ltr'><strong>duobus</strong></span> <span class='ocrx_word' id='word_1_27' title='bbox 760 535 949 577; x_wconf 76' lang='lat' dir='ltr'><strong>tantum</strong></span> <span class='ocrx_word' id='word_1_28' title='bbox 967 528 1086 578; x_wconf 91' lang='lat' dir='ltr'><strong>locis</strong></span> <span class='ocrx_word' id='word_1_29' title='bbox 1104 529 1253 578; x_wconf 85' lang='lat' dir='ltr'><strong>habet</strong></span> <span class='ocrx_word' id='word_1_30' title='bbox 1272 529 1485 593; x_wconf 71' lang='grc' dir='ltr'><strong><em>Φαιήκων</em></strong></span> <span class='ocrx_word' id='word_1_31' title='bbox 1500 529 1784 594; x_wconf 80' lang='grc' dir='ltr'><strong><em>βουληφόροι</em></strong></span> <span class='ocrx_word' id='word_1_32' title='bbox 1819 545 1843 576; x_wconf 91' lang='grc' dir='ltr'><strong><em>ν</em></strong></span> <span class='ocrx_word' id='word_1_33' title='bbox 1881 531 1941 578; x_wconf 91' lang='grc'><strong>12</strong></span> <span class='ocrx_word' id='word_1_34' title='bbox 1978 529 2149 590; x_wconf 78' lang='grc' dir='ltr'><strong><em>ἀγοραὶ</em></strong></span> <span class='ocrx_word' id='word_1_35' title='bbox 2179 530 2461 594; x_wconf 79' lang='grc' dir='ltr'><strong><em>βουληφόροι</em></strong></span> <span class='ocrx_word' id='word_1_36' title='bbox 2495 547 2510 576; x_wconf 93' lang='grc' dir='ltr'><strong><em>ι</em></strong></span> <span class='ocrx_word' id='word_1_37' title='bbox 2549 529 2688 595; x_wconf 82' lang='grc'><strong>112);</strong></span> 
     </span>
     <span class='ocr_line' id='line_1_6' title="bbox 310 618 2691 685; baseline 0 -18"><span class='ocrx_word' id='word_1_38' title='bbox 310 625 482 668; x_wconf 85' lang='lat' dir='ltr'><strong>contra</strong></span> <span class='ocrx_word' id='word_1_39' title='bbox 513 619 566 667; x_wconf 87' lang='lat' dir='ltr'><strong>in</strong></span> <span class='ocrx_word' id='word_1_40' title='bbox 585 618 810 685; x_wconf 80' lang='lat' dir='ltr'><strong>Odyssea</strong></span> <span class='ocrx_word' id='word_1_41' title='bbox 841 619 1036 684; x_wconf 82' lang='lat' dir='ltr'><strong>opificia</strong></span> <span class='ocrx_word' id='word_1_42' title='bbox 1067 627 1292 685; x_wconf 76' lang='lat' dir='ltr'><strong>artesque</strong></span> <span class='ocrx_word' id='word_1_43' title='bbox 1324 627 1375 667; x_wconf 92' lang='lat' dir='ltr'><strong>et</strong></span> <span class='ocrx_word' id='word_1_44' title='bbox 1399 619 1672 685; x_wconf 82' lang='lat' dir='ltr'><strong>voluptates</strong></span> <span class='ocrx_word' id='word_1_45' title='bbox 1707 637 1828 685; x_wconf 82' lang='lat' dir='ltr'><strong>quas</strong></span> <span class='ocrx_word' id='word_1_46' title='bbox 1852 635 1975 684; x_wconf 84' lang='lat' dir='ltr'><strong>pace</strong></span> <span class='ocrx_word' id='word_1_47' title='bbox 1999 619 2216 668; x_wconf 87' lang='lat' dir='ltr'><strong>fruentes</strong></span> <span class='ocrx_word' id='word_1_48' title='bbox 2233 618 2359 667; x_wconf 79' lang='lat' dir='ltr'><strong>vitae</strong></span> <span class='ocrx_word' id='word_1_49' title='bbox 2374 620 2691 685; x_wconf 73' lang='lat' dir='ltr'><strong>interponunt</strong></span> 
     </span>
     <span class='ocr_line' id='line_1_7' title="bbox 307 707 2688 778; baseline 0.001 -21"><span class='ocrx_word' id='word_1_50' title='bbox 307 725 412 757; x_wconf 88' lang='lat' dir='ltr'><strong>non</strong></span> <span class='ocrx_word' id='word_1_51' title='bbox 463 726 592 759; x_wconf 26' lang='lat' dir='ltr'><strong>raro*</strong></span> <span class='ocrx_word' id='word_1_52' title='bbox 624 717 969 758; x_wconf 84' lang='lat' dir='ltr'><strong>memorantur.</strong></span> <span class='ocrx_word' id='word_1_53' title='bbox 1039 711 1169 767; x_wconf 85' lang='lat' dir='ltr'><strong>Hinc</strong></span> <span class='ocrx_word' id='word_1_54' title='bbox 1204 709 1428 778; x_wconf 77' lang='lat' dir='ltr'><strong>Odyssea</strong></span> <span class='ocrx_word' id='word_1_55' title='bbox 1462 710 1568 759; x_wconf 86' lang='lat' dir='ltr'><strong>sola</strong></span> <span class='ocrx_word' id='word_1_56' title='bbox 1600 710 1750 759; x_wconf 79' lang='lat' dir='ltr'><strong>habet</strong></span> <span class='ocrx_word' id='word_1_57' title='bbox 1782 711 2139 772; x_wconf 79' lang='grc' dir='ltr'><strong><em>δαιτυμόνας</em></strong></span> <span class='ocrx_word' id='word_1_58' title='bbox 2171 707 2238 774; x_wconf 88' lang='grc' dir='ltr'><strong>(Ο,</strong></span> <span class='ocrx_word' id='word_1_59' title='bbox 2277 707 2341 776; x_wconf 89' lang='grc'><strong>9).</strong></span> <span class='ocrx_word' id='word_1_60' title='bbox 2394 709 2523 770; x_wconf 81' lang='lat' dir='ltr'><strong>Quid</strong></span> <span class='ocrx_word' id='word_1_61' title='bbox 2555 709 2688 775; x_wconf 78' lang='lat' dir='ltr'><strong>quod</strong></span> 
     </span>
     <span class='ocr_line' id='line_1_8' title="bbox 306 799 2687 867; baseline 0.002 -21"><span class='ocrx_word' id='word_1_62' title='bbox 306 799 514 856; x_wconf 80' lang='grc' dir='ltr'><strong><em>ἀοιδός</em></strong></span> <span class='ocrx_word' id='word_1_63' title='bbox 561 799 693 865; x_wconf 88' lang='lat' dir='ltr'><strong>quod</strong></span> <span class='ocrx_word' id='word_1_64' title='bbox 734 799 833 849; x_wconf 90' lang='lat' dir='ltr'><strong>illic</strong></span> <span class='ocrx_word' id='word_1_65' title='bbox 865 801 1024 850; x_wconf 78' lang='lat' dir='ltr'><strong>tricies</strong></span> <span class='ocrx_word' id='word_1_66' title='bbox 1066 801 1217 851; x_wconf 79' lang='lat' dir='ltr'><strong>octies</strong></span> <span class='ocrx_word' id='word_1_67' title='bbox 1259 801 1461 867; x_wconf 72' lang='lat' dir='ltr'><strong>legitur,</strong></span> <span class='ocrx_word' id='word_1_68' title='bbox 1515 818 1616 850; x_wconf 89' lang='lat' dir='ltr'><strong>non</strong></span> <span class='ocrx_word' id='word_1_69' title='bbox 1666 801 1775 866; x_wconf 90' lang='lat' dir='ltr'><strong>plus</strong></span> <span class='ocrx_word' id='word_1_70' title='bbox 1821 801 1972 850; x_wconf 90' lang='lat' dir='ltr'><strong>semel</strong></span> <span class='ocrx_word' id='word_1_71' title='bbox 2021 801 2073 849; x_wconf 88' lang='lat' dir='ltr'><strong>in</strong></span> <span class='ocrx_word' id='word_1_72' title='bbox 2108 799 2313 849; x_wconf 79' lang='lat' dir='ltr'><strong>Iliadem</strong></span> <span class='ocrx_word' id='word_1_73' title='bbox 2364 800 2497 848; x_wconf 90' lang='lat' dir='ltr'><strong>venit</strong></span> <span class='ocrx_word' id='word_1_74' title='bbox 2543 800 2687 865; x_wconf 89' lang='lat' dir='ltr'><strong>idque</strong></span> 
     </span>
     <span class='ocr_line' id='line_1_9' title="bbox 305 888 2686 957; baseline 0 -18"><span class='ocrx_word' id='word_1_75' title='bbox 305 888 502 940; x_wconf 68' lang='lat' dir='ltr'><strong>fortuito</strong></span> <span class='ocrx_word' id='word_1_76' title='bbox 517 888 542 939; x_wconf 70' lang='grc' dir='ltr'>Ρ</span> <span class='ocrx_word' id='word_1_77' title='bbox 594 889 654 955; x_wconf 89' lang='lat'><strong>(0</strong></span> <span class='ocrx_word' id='word_1_78' title='bbox 690 893 783 941; x_wconf 79' lang='grc'><strong>721</strong></span> <span class='ocrx_word' id='word_1_79' title='bbox 831 891 1022 948; x_wconf 75' lang='grc' dir='ltr'><strong><em>ἀοιὸούς</em></strong></span> <span class='ocrx_word' id='word_1_80' title='bbox 1063 893 1252 956; x_wconf 82' lang='grc' dir='ltr'><strong><em>Θρήνων</em></strong></span> <span class='ocrx_word' id='word_1_81' title='bbox 1295 892 1545 956; x_wconf 73' lang='grc' dir='ltr'><strong><em>ἐξάρχουςς</em></strong></span> <span class='ocrx_word' id='word_1_82' title='bbox 1598 891 1762 957; x_wconf 85' lang='lat' dir='ltr'><strong>paullo</strong></span> <span class='ocrx_word' id='word_1_83' title='bbox 1803 891 2099 956; x_wconf 76' lang='lat' dir='ltr'><strong>frequentius</strong></span> <span class='ocrx_word' id='word_1_84' title='bbox 2143 898 2219 939; x_wconf 89' lang='lat' dir='ltr'><strong>est</strong></span> <span class='ocrx_word' id='word_1_85' title='bbox 2263 890 2434 956; x_wconf 75' lang='grc' dir='ltr'><strong><em>ἀοιδή).</em></strong></span> <span class='ocrx_word' id='word_1_86' title='bbox 2519 889 2686 955; x_wconf 86' lang='lat' dir='ltr'><strong>Neque</strong></span> 
     </span>
     <span class='ocr_line' id='line_1_10' title="bbox 307 979 2686 1048; baseline 0 -21"><span class='ocrx_word' id='word_1_87' title='bbox 307 980 515 1037; x_wconf 79' lang='grc' dir='ltr'><strong><em>ἁλιέες</em></strong></span> <span class='ocrx_word' id='word_1_88' title='bbox 542 979 611 1046; x_wconf 91' lang='lat'><strong>(0,</strong></span> <span class='ocrx_word' id='word_1_89' title='bbox 649 983 682 1030; x_wconf 90' lang='lat'>4</span> <span class='ocrx_word' id='word_1_90' title='bbox 715 980 790 1031; x_wconf 88' lang='lat' dir='ltr'><strong>bis</strong></span> <span class='ocrx_word' id='word_1_91' title='bbox 826 981 885 1031; x_wconf 90' lang='lat' dir='ltr'><strong>de</strong></span> <span class='ocrx_word' id='word_1_92' title='bbox 903 982 1144 1047; x_wconf 81' lang='lat' dir='ltr'><strong>piscatore</strong></span> <span class='ocrx_word' id='word_1_93' title='bbox 1178 982 1401 1043; x_wconf 88' lang='lat' dir='ltr'><strong>insimili,</strong></span> <span class='ocrx_word' id='word_1_94' title='bbox 1438 981 1514 1032; x_wconf 91' lang='lat' dir='ltr'><strong>bis</strong></span> <span class='ocrx_word' id='word_1_95' title='bbox 1540 982 1600 1031; x_wconf 87' lang='lat' dir='ltr'><strong>de</strong></span> <span class='ocrx_word' id='word_1_96' title='bbox 1617 982 1796 1048; x_wconf 87' lang='lat' dir='ltr'><strong>nautis)</strong></span> <span class='ocrx_word' id='word_1_97' title='bbox 1829 981 1881 1030; x_wconf 86' lang='lat' dir='ltr'><strong>in</strong></span> <span class='ocrx_word' id='word_1_98' title='bbox 1907 981 2058 1030; x_wconf 77' lang='lat' dir='ltr'><strong>Iliade</strong></span> <span class='ocrx_word' id='word_1_99' title='bbox 2085 990 2199 1030; x_wconf 89' lang='lat' dir='ltr'><strong>sunt</strong></span> <span class='ocrx_word' id='word_1_100' title='bbox 2233 997 2391 1046; x_wconf 84' lang='lat' dir='ltr'><strong>neque</strong></span> <span class='ocrx_word' id='word_1_101' title='bbox 2425 981 2686 1046; x_wconf 81' lang='grc' dir='ltr'><strong><em>συβῶται</em></strong></span> 
     </span>
     <span class='ocr_line' id='line_1_11' title="bbox 305 1067 2690 1137; baseline 0 -20"><span class='ocrx_word' id='word_1_102' title='bbox 305 1067 458 1133; x_wconf 91' lang='lat' dir='ltr'><strong>(quod</strong></span> <span class='ocrx_word' id='word_1_103' title='bbox 490 1070 782 1120; x_wconf 89' lang='lat' dir='ltr'><strong>vocabulum</strong></span> <span class='ocrx_word' id='word_1_104' title='bbox 815 1071 924 1135; x_wconf 89' lang='lat' dir='ltr'><strong>plus</strong></span> <span class='ocrx_word' id='word_1_105' title='bbox 959 1072 1234 1135; x_wconf 80' lang='lat' dir='ltr'><strong>septuagies</strong></span> <span class='ocrx_word' id='word_1_106' title='bbox 1284 1072 1336 1120; x_wconf 88' lang='lat' dir='ltr'><strong>in</strong></span> <span class='ocrx_word' id='word_1_107' title='bbox 1372 1072 1596 1137; x_wconf 78' lang='lat' dir='ltr'><strong>Odyssea</strong></span> <span class='ocrx_word' id='word_1_108' title='bbox 1630 1072 1913 1135; x_wconf 87' lang='lat' dir='ltr'><strong>adhibitum)</strong></span> <span class='ocrx_word' id='word_1_109' title='bbox 1963 1071 2042 1118; x_wconf 88' lang='lat' dir='ltr'><strong>vel</strong></span> <span class='ocrx_word' id='word_1_110' title='bbox 2078 1071 2336 1135; x_wconf 77' lang='grc' dir='ltr'><strong><em>ὑφορβοί</em></strong></span> <span class='ocrx_word' id='word_1_111' title='bbox 2373 1070 2440 1133; x_wconf 93' lang='lat'><strong>(0,</strong></span> <span class='ocrx_word' id='word_1_112' title='bbox 2481 1071 2587 1134; x_wconf 91' lang='lat'>18),</span> <span class='ocrx_word' id='word_1_113' title='bbox 2639 1079 2690 1118; x_wconf 78' lang='lat' dir='ltr'><strong>ut</strong></span> 
     </span>
     <span class='ocr_line' id='line_1_12' title="bbox 303 1159 2689 1226; baseline 0 -17"><span class='ocrx_word' id='word_1_114' title='bbox 303 1165 469 1209; x_wconf 80' lang='lat' dir='ltr'><strong>tamen</strong></span> <span class='ocrx_word' id='word_1_115' title='bbox 504 1159 656 1209; x_wconf 86' lang='lat' dir='ltr'><strong>altera</strong></span> <span class='ocrx_word' id='word_1_116' title='bbox 688 1159 846 1209; x_wconf 84' lang='lat' dir='ltr'><strong>forma</strong></span> <span class='ocrx_word' id='word_1_117' title='bbox 880 1180 945 1209; x_wconf 87' lang='grc' dir='ltr'><strong><em>συ</em></strong></span> <span class='ocrx_word' id='word_1_118' title='bbox 965 1161 1195 1226; x_wconf 81' lang='grc' dir='ltr'><strong><em>φορβύς</em></strong></span> <span class='ocrx_word' id='word_1_119' title='bbox 1223 1159 1291 1226; x_wconf 93' lang='grc'><strong>(1,</strong></span> <span class='ocrx_word' id='word_1_120' title='bbox 1332 1161 1381 1226; x_wconf 79' lang='grc'>7)</span> <span class='ocrx_word' id='word_1_121' title='bbox 1413 1161 1465 1210; x_wconf 89' lang='lat' dir='ltr'><strong>in</strong></span> <span class='ocrx_word' id='word_1_122' title='bbox 1494 1179 1593 1210; x_wconf 88' lang='lat' dir='ltr'><strong>uno</strong></span> <span class='ocrx_word' id='word_1_123' title='bbox 1624 1161 1765 1210; x_wconf 83' lang='lat' dir='ltr'><strong>simili</strong></span> <span class='ocrx_word' id='word_1_124' title='bbox 1793 1161 2005 1210; x_wconf 85' lang='lat' dir='ltr'><strong>admissa</strong></span> <span class='ocrx_word' id='word_1_125' title='bbox 2030 1161 2092 1209; x_wconf 83' lang='lat' dir='ltr'><strong>sit</strong></span> <span class='ocrx_word' id='word_1_126' title='bbox 2119 1161 2159 1208; x_wconf 86' lang='grc' dir='ltr'><em>Φ</em></span> <span class='ocrx_word' id='word_1_127' title='bbox 2186 1162 2300 1220; x_wconf 89' lang='grc'><strong>282,</strong></span> <span class='ocrx_word' id='word_1_128' title='bbox 2337 1161 2419 1209; x_wconf 90' lang='lat' dir='ltr'><strong>ubi</strong></span> <span class='ocrx_word' id='word_1_129' title='bbox 2444 1159 2689 1209; x_wconf 85' lang='lat' dir='ltr'><strong>Achilleus</strong></span> 
     </span>
     <span class='ocr_line' id='line_1_13' title="bbox 303 1249 2687 1317; baseline 0 -19"><span class='ocrx_word' id='word_1_130' title='bbox 303 1249 472 1299; x_wconf 84' lang='lat' dir='ltr'><strong>timere</strong></span> <span class='ocrx_word' id='word_1_131' title='bbox 508 1267 561 1299; x_wconf 88' lang='lat' dir='ltr'><strong>se</strong></span> <span class='ocrx_word' id='word_1_132' title='bbox 596 1250 732 1311; x_wconf 82' lang='lat' dir='ltr'><strong>dicit,</strong></span> <span class='ocrx_word' id='word_1_133' title='bbox 782 1268 846 1299; x_wconf 87' lang='lat' dir='ltr'><strong>ne</strong></span> <span class='ocrx_word' id='word_1_134' title='bbox 878 1268 934 1299; x_wconf 83' lang='lat' dir='ltr'><strong>se</strong></span> <span class='ocrx_word' id='word_1_135' title='bbox 970 1252 1138 1300; x_wconf 88' lang='lat' dir='ltr'><strong>fluctus</strong></span> <span class='ocrx_word' id='word_1_136' title='bbox 1175 1252 1422 1317; x_wconf 83' lang='lat' dir='ltr'><strong>abripiant</strong></span> <span class='ocrx_word' id='word_1_137' title='bbox 1454 1255 1524 1307; x_wconf 82' lang='grc' dir='ltr'><strong>ὡς</strong></span> <span class='ocrx_word' id='word_1_138' title='bbox 1555 1254 1702 1299; x_wconf 76' lang='grc' dir='ltr'><strong><em>παῖδα</em></strong></span> <span class='ocrx_word' id='word_1_139' title='bbox 1736 1253 1983 1316; x_wconf 84' lang='grc' dir='ltr'><strong><em>συφορβόν.</em></strong></span> <span class='ocrx_word' id='word_1_140' title='bbox 2056 1250 2220 1299; x_wconf 87' lang='lat' dir='ltr'><strong>Semel</strong></span> <span class='ocrx_word' id='word_1_141' title='bbox 2255 1250 2402 1299; x_wconf 88' lang='lat' dir='ltr'><strong>etiam</strong></span> <span class='ocrx_word' id='word_1_142' title='bbox 2437 1253 2687 1316; x_wconf 82' lang='grc' dir='ltr'><strong><em>συβόσια</em></strong></span> 
     </span>
     <span class='ocr_line' id='line_1_14' title="bbox 305 1338 2689 1409; baseline 0.001 -23"><span class='ocrx_word' id='word_1_143' title='bbox 305 1338 358 1386; x_wconf 92' lang='lat' dir='ltr'><strong>in</strong></span> <span class='ocrx_word' id='word_1_144' title='bbox 391 1339 544 1388; x_wconf 80' lang='lat' dir='ltr'><strong>Iliade</strong></span> <span class='ocrx_word' id='word_1_145' title='bbox 579 1341 741 1390; x_wconf 87' lang='lat' dir='ltr'><strong>locum</strong></span> <span class='ocrx_word' id='word_1_146' title='bbox 775 1341 1067 1389; x_wconf 87' lang='lat' dir='ltr'><strong>invenerunt</strong></span> <span class='ocrx_word' id='word_1_147' title='bbox 1115 1341 1166 1389; x_wconf 91' lang='lat' dir='ltr'><strong>in</strong></span> <span class='ocrx_word' id='word_1_148' title='bbox 1199 1359 1345 1390; x_wconf 90' lang='lat' dir='ltr'><strong>versu</strong></span> <span class='ocrx_word' id='word_1_149' title='bbox 1397 1359 1456 1390; x_wconf 87' lang='lat' dir='ltr'><strong>ex</strong></span> <span class='ocrx_word' id='word_1_150' title='bbox 1490 1341 1717 1409; x_wconf 79' lang='lat' dir='ltr'><strong>Odyssea</strong></span> <span class='ocrx_word' id='word_1_151' title='bbox 1749 1341 1984 1390; x_wconf 83' lang='lat' dir='ltr'><strong>translato</strong></span> <span class='ocrx_word' id='word_1_152' title='bbox 2020 1345 2055 1389; x_wconf 84' lang='lat' dir='ltr'><em>A</em></span> <span class='ocrx_word' id='word_1_153' title='bbox 2088 1343 2187 1390; x_wconf 79' lang='lat'><strong>678</strong></span> <span class='ocrx_word' id='word_1_154' title='bbox 2206 1343 2310 1395; x_wconf 67' lang='grc' dir='ltr'><strong>ΞΕ</strong></span> <span class='ocrx_word' id='word_1_155' title='bbox 2345 1342 2437 1388; x_wconf 89' lang='grc'><strong>101</strong></span> <span class='ocrx_word' id='word_1_156' title='bbox 2479 1339 2689 1405; x_wconf 83' lang='lat' dir='ltr'><strong>(praeter</strong></span> 
     </span>
     <span class='ocr_line' id='line_1_15' title="bbox 304 1428 2693 1499; baseline 0.001 -22"><span class='ocrx_word' id='word_1_157' title='bbox 304 1428 396 1478; x_wconf 89' lang='lat' dir='ltr'><strong>hos</strong></span> <span class='ocrx_word' id='word_1_158' title='bbox 431 1429 554 1479; x_wconf 90' lang='lat' dir='ltr'><strong>duos</strong></span> <span class='ocrx_word' id='word_1_159' title='bbox 587 1430 725 1481; x_wconf 87' lang='lat' dir='ltr'><strong>locos</strong></span> <span class='ocrx_word' id='word_1_160' title='bbox 761 1448 863 1480; x_wconf 92' lang='lat' dir='ltr'><strong>non</strong></span> <span class='ocrx_word' id='word_1_161' title='bbox 897 1431 1173 1499; x_wconf 86' lang='lat' dir='ltr'><strong>invenitur).</strong></span> <span class='ocrx_word' id='word_1_162' title='bbox 1243 1432 1547 1482; x_wconf 80' lang='lat' dir='ltr'><strong>Vocabulum</strong></span> <span class='ocrx_word' id='word_1_163' title='bbox 1580 1432 1945 1499; x_wconf 85' lang='lat' dir='ltr'><strong>significationis</strong></span> <span class='ocrx_word' id='word_1_164' title='bbox 1985 1431 2124 1481; x_wconf 82' lang='lat' dir='ltr'><strong>latius</strong></span> <span class='ocrx_word' id='word_1_165' title='bbox 2160 1430 2373 1497; x_wconf 74' lang='lat' dir='ltr'><strong>patentis</strong></span> <span class='ocrx_word' id='word_1_166' title='bbox 2405 1431 2443 1497; x_wconf 90' lang='grc' dir='ltr'><strong><em>β</em></strong></span> <span class='ocrx_word' id='word_1_167' title='bbox 2450 1431 2693 1487; x_wconf 76' lang='grc' dir='ltr'><strong><em>ούκολος</em></strong></span> 
     </span>
     <span class='ocr_line' id='line_1_16' title="bbox 303 1520 2688 1590; baseline 0 -22"><span class='ocrx_word' id='word_1_168' title='bbox 303 1527 379 1568; x_wconf 80' lang='lat' dir='ltr'><strong>ter</strong></span> <span class='ocrx_word' id='word_1_169' title='bbox 411 1521 462 1569; x_wconf 92' lang='lat' dir='ltr'><strong>in</strong></span> <span class='ocrx_word' id='word_1_170' title='bbox 496 1521 649 1570; x_wconf 87' lang='lat' dir='ltr'><strong>Iliade</strong></span> <span class='ocrx_word' id='word_1_171' title='bbox 682 1521 871 1587; x_wconf 87' lang='lat' dir='ltr'><strong>legitur,</strong></span> <span class='ocrx_word' id='word_1_172' title='bbox 908 1521 1202 1588; x_wconf 86' lang='lat' dir='ltr'><strong>inOdyssea</strong></span> <span class='ocrx_word' id='word_1_173' title='bbox 1235 1523 1409 1584; x_wconf 85' lang='lat' dir='ltr'><strong>decies,</strong></span> <span class='ocrx_word' id='word_1_174' title='bbox 1447 1523 1536 1572; x_wconf 89' lang='lat' dir='ltr'><strong>sed</strong></span> <span class='ocrx_word' id='word_1_175' title='bbox 1568 1523 1961 1590; x_wconf 79' lang='grc' dir='ltr'><strong><em>ὲπιβούκολος</em></strong></span> <span class='ocrx_word' id='word_1_176' title='bbox 1990 1522 2067 1570; x_wconf 89' lang='lat' dir='ltr'><strong>hic</strong></span> <span class='ocrx_word' id='word_1_177' title='bbox 2099 1529 2290 1571; x_wconf 86' lang='lat' dir='ltr'><strong>tantmn</strong></span> <span class='ocrx_word' id='word_1_178' title='bbox 2308 1523 2379 1584; x_wconf 90' lang='grc' dir='ltr'><strong>(Ο,</strong></span> <span class='ocrx_word' id='word_1_179' title='bbox 2401 1521 2464 1587; x_wconf 89' lang='grc'><strong>6).</strong></span> <span class='ocrx_word' id='word_1_180' title='bbox 2499 1520 2688 1570; x_wconf 89' lang='lat' dir='ltr'><strong>Deinde</strong></span> 
     </span>
     <span class='ocr_line' id='line_1_17' title="bbox 304 1610 2688 1679; baseline -0.001 -18"><span class='ocrx_word' id='word_1_181' title='bbox 304 1610 411 1661; x_wconf 83' lang='lat' dir='ltr'><strong>sola</strong></span> <span class='ocrx_word' id='word_1_182' title='bbox 425 1610 652 1678; x_wconf 87' lang='lat' dir='ltr'><strong>Odyssea</strong></span> <span class='ocrx_word' id='word_1_183' title='bbox 667 1611 918 1661; x_wconf 86' lang='lat' dir='ltr'><strong>mendicos</strong></span> <span class='ocrx_word' id='word_1_184' title='bbox 944 1611 1106 1674; x_wconf 88' lang='lat' dir='ltr'><strong>habet,</strong></span> <span class='ocrx_word' id='word_1_185' title='bbox 1142 1613 1269 1662; x_wconf 88' lang='lat' dir='ltr'><strong>unde</strong></span> <span class='ocrx_word' id='word_1_186' title='bbox 1294 1614 1407 1664; x_wconf 90' lang='lat' dir='ltr'><strong>huic</strong></span> <span class='ocrx_word' id='word_1_187' title='bbox 1431 1614 1634 1663; x_wconf 87' lang='lat' dir='ltr'><strong>carmini</strong></span> <span class='ocrx_word' id='word_1_188' title='bbox 1661 1613 1861 1679; x_wconf 81' lang='lat' dir='ltr'><strong>propria</strong></span> <span class='ocrx_word' id='word_1_189' title='bbox 1894 1614 2119 1677; x_wconf 86' lang='grc' dir='ltr'><strong><em>πτωχός</em></strong></span> <span class='ocrx_word' id='word_1_190' title='bbox 2148 1611 2216 1677; x_wconf 90' lang='grc' dir='ltr'><strong>(Ο,</strong></span> <span class='ocrx_word' id='word_1_191' title='bbox 2254 1612 2340 1679; x_wconf 89' lang='grc'>22)</span> <span class='ocrx_word' id='word_1_192' title='bbox 2376 1612 2688 1676; x_wconf 79' lang='grc' dir='ltr'><strong><em>πτωχεύειν</em></strong></span> 
     </span>
     <span class='ocr_line' id='line_1_18' title="bbox 302 1699 2687 1771; baseline 0 -20"><span class='ocrx_word' id='word_1_193' title='bbox 302 1699 370 1767; x_wconf 90' lang='grc' dir='ltr'><strong>(Ο,</strong></span> <span class='ocrx_word' id='word_1_194' title='bbox 407 1701 458 1769; x_wconf 83' lang='grc'>5)</span> <span class='ocrx_word' id='word_1_195' title='bbox 494 1709 543 1752; x_wconf 89' lang='lat' dir='ltr'><strong>et</strong></span> <span class='ocrx_word' id='word_1_196' title='bbox 577 1702 827 1769; x_wconf 82' lang='lat' dir='ltr'><strong>complura</strong></span> <span class='ocrx_word' id='word_1_197' title='bbox 860 1704 942 1752; x_wconf 82' lang='grc' dir='ltr'><strong>ἅπ.</strong></span> <span class='ocrx_word' id='word_1_198' title='bbox 977 1703 1205 1769; x_wconf 79' lang='grc' dir='ltr'><strong><em>εἰρημένα</em></strong></span> <span class='ocrx_word' id='word_1_199' title='bbox 1239 1706 1456 1771; x_wconf 76' lang='grc' dir='ltr'><strong><em>δὲκτης</em></strong></span> <span class='ocrx_word' id='word_1_200' title='bbox 1487 1705 1771 1770; x_wconf 77' lang='grc' dir='ltr'><strong><em>προίκτης</em></strong></span> <span class='ocrx_word' id='word_1_201' title='bbox 1800 1705 2129 1769; x_wconf 84' lang='grc' dir='ltr'><strong><em>ἐπιστάτης</em></strong></span> <span class='ocrx_word' id='word_1_202' title='bbox 2159 1704 2507 1766; x_wconf 73' lang='grc' dir='ltr'><strong><em>ἀγυρτάζειν</em></strong></span> <span class='ocrx_word' id='word_1_203' title='bbox 2552 1702 2687 1767; x_wconf 86' lang='lat' dir='ltr'><strong>(nam</strong></span> 
     </span>
     <span class='ocr_line' id='line_1_19' title="bbox 301 1793 2686 1866; baseline 0 -26"><span class='ocrx_word' id='word_1_204' title='bbox 301 1793 510 1858; x_wconf 67' lang='grc' dir='ltr'><strong><em>ἀγύρτης</em></strong></span> <span class='ocrx_word' id='word_1_205' title='bbox 540 1793 717 1861; x_wconf 72' lang='lat' dir='ltr'><strong>deest),</strong></span> <span class='ocrx_word' id='word_1_206' title='bbox 769 1802 1024 1858; x_wconf 77' lang='lat' dir='ltr'><strong>praeterea</strong></span> <span class='ocrx_word' id='word_1_207' title='bbox 1057 1795 1277 1866; x_wconf 85' lang='grc' dir='ltr'><strong><em>ἀλήτης</em></strong></span> <span class='ocrx_word' id='word_1_208' title='bbox 1315 1795 1390 1861; x_wconf 90' lang='lat' dir='ltr'><strong>(O,</strong></span> <span class='ocrx_word' id='word_1_209' title='bbox 1431 1795 1513 1862; x_wconf 88' lang='lat'><strong>11)</strong></span> <span class='ocrx_word' id='word_1_210' title='bbox 1552 1796 1785 1859; x_wconf 83' lang='grc' dir='ltr'><strong><em>ἀλήμων</em></strong></span> <span class='ocrx_word' id='word_1_211' title='bbox 1823 1793 1900 1859; x_wconf 90' lang='lat' dir='ltr'><strong>(O,</strong></span> <span class='ocrx_word' id='word_1_212' title='bbox 1937 1794 1988 1861; x_wconf 84' lang='lat'><strong>2)</strong></span> <span class='ocrx_word' id='word_1_213' title='bbox 2029 1795 2336 1859; x_wconf 77' lang='grc' dir='ltr'><strong><em>ἀλητεύειν</em></strong></span> <span class='ocrx_word' id='word_1_214' title='bbox 2379 1793 2455 1858; x_wconf 88' lang='grc' dir='ltr'><strong>(Ο,</strong></span> <span class='ocrx_word' id='word_1_215' title='bbox 2493 1796 2542 1859; x_wconf 87' lang='grc'>6)</span> <span class='ocrx_word' id='word_1_216' title='bbox 2583 1793 2686 1857; x_wconf 83' lang='grc' dir='ltr'><strong>ἄλη</strong></span> 
     </span>
     <span class='ocr_line' id='line_1_20' title="bbox 303 1881 2688 1952; baseline 0.001 -21"><span class='ocrx_word' id='word_1_217' title='bbox 303 1881 371 1948; x_wconf 92' lang='grc' dir='ltr'><strong>(Ο,</strong></span> <span class='ocrx_word' id='word_1_218' title='bbox 409 1883 474 1949; x_wconf 90' lang='lat'><strong>4),</strong></span> <span class='ocrx_word' id='word_1_219' title='bbox 513 1900 808 1949; x_wconf 88' lang='lat' dir='ltr'><strong>quamquam</strong></span> <span class='ocrx_word' id='word_1_220' title='bbox 842 1884 1047 1933; x_wconf 90' lang='lat' dir='ltr'><strong>verbum</strong></span> <span class='ocrx_word' id='word_1_221' title='bbox 1079 1885 1336 1949; x_wconf 85' lang='grc' dir='ltr'><strong><em>ἀλάομαι</em></strong></span> <span class='ocrx_word' id='word_1_222' title='bbox 1370 1885 1505 1952; x_wconf 87' lang='lat' dir='ltr'><strong>cujus</strong></span> <span class='ocrx_word' id='word_1_223' title='bbox 1541 1884 1828 1951; x_wconf 86' lang='lat' dir='ltr'><strong>significatio</strong></span> <span class='ocrx_word' id='word_1_224' title='bbox 1860 1884 1998 1934; x_wconf 86' lang='lat' dir='ltr'><strong>latius</strong></span> <span class='ocrx_word' id='word_1_225' title='bbox 2033 1892 2192 1950; x_wconf 85' lang='lat' dir='ltr'><strong>patet,</strong></span> <span class='ocrx_word' id='word_1_226' title='bbox 2243 1885 2295 1934; x_wconf 90' lang='lat' dir='ltr'><strong>in</strong></span> <span class='ocrx_word' id='word_1_227' title='bbox 2329 1884 2484 1934; x_wconf 75' lang='lat' dir='ltr'><strong>Iliade</strong></span> <span class='ocrx_word' id='word_1_228' title='bbox 2519 1891 2688 1949; x_wconf 72' lang='lat' dir='ltr'><strong>quater</strong></span> 
     </span>
     <span class='ocr_line' id='line_1_21' title="bbox 298 1972 2679 2043; baseline -0 -19"><span class='ocrx_word' id='word_1_229' title='bbox 298 1974 490 2039; x_wconf 87' lang='lat' dir='ltr'><strong>legitur.</strong></span> <span class='ocrx_word' id='word_1_230' title='bbox 556 1972 774 2040; x_wconf 77' lang='grc' dir='ltr'><strong><em>Ἱκέτης</em></strong></span> <span class='ocrx_word' id='word_1_231' title='bbox 802 1973 869 2040; x_wconf 86' lang='grc'><strong>(5,</strong></span> <span class='ocrx_word' id='word_1_232' title='bbox 911 1975 993 2041; x_wconf 86' lang='grc'><strong>11)</strong></span> <span class='ocrx_word' id='word_1_233' title='bbox 1045 1982 1094 2024; x_wconf 89' lang='lat' dir='ltr'><strong>et</strong></span> <span class='ocrx_word' id='word_1_234' title='bbox 1127 1976 1371 2025; x_wconf 80' lang='grc' dir='ltr'><strong><em>ἱκετεύω</em></strong></span> <span class='ocrx_word' id='word_1_235' title='bbox 1404 1975 1482 2042; x_wconf 92' lang='grc' dir='ltr'><strong>(1,Ι</strong></span> <span class='ocrx_word' id='word_1_236' title='bbox 1510 1975 1562 2042; x_wconf 86' lang='grc'>5)</span> <span class='ocrx_word' id='word_1_237' title='bbox 1610 1975 1663 2024; x_wconf 88' lang='lat' dir='ltr'><strong>in</strong></span> <span class='ocrx_word' id='word_1_238' title='bbox 1693 1974 1928 2043; x_wconf 78' lang='lat' dir='ltr'><strong>¹Odyssea</strong></span> <span class='ocrx_word' id='word_1_239' title='bbox 1972 1974 2131 2024; x_wconf 82' lang='lat' dir='ltr'><strong>multis</strong></span> <span class='ocrx_word' id='word_1_240' title='bbox 2179 1984 2309 2025; x_wconf 82' lang='lat' dir='ltr'><strong>certe</strong></span> <span class='ocrx_word' id='word_1_241' title='bbox 2345 1975 2561 2040; x_wconf 78' lang='lat' dir='ltr'><strong>partibus</strong></span> <span class='ocrx_word' id='word_1_242' title='bbox 2594 1974 2679 2023; x_wconf 79' lang='lat' dir='ltr'><strong>fre</strong></span> 
     </span>
     <span class='ocr_line' id='line_1_22' title="bbox 301 2063 2684 2133; baseline 0 -21"><span class='ocrx_word' id='word_1_243' title='bbox 301 2064 557 2129; x_wconf 83' lang='lat' dir='ltr'><strong>quentiora</strong></span> <span class='ocrx_word' id='word_1_244' title='bbox 588 2072 723 2126; x_wconf 86' lang='lat' dir='ltr'><strong>sunt,</strong></span> <span class='ocrx_word' id='word_1_245' title='bbox 761 2065 1154 2126; x_wconf 83' lang='grc' dir='ltr'><strong><em>ταλαπείριος</em></strong></span> <span class='ocrx_word' id='word_1_246' title='bbox 1184 2064 1252 2130; x_wconf 89' lang='grc' dir='ltr'><strong>(Ο,</strong></span> <span class='ocrx_word' id='word_1_247' title='bbox 1291 2066 1344 2133; x_wconf 94' lang='lat'><strong>5)</strong></span> <span class='ocrx_word' id='word_1_248' title='bbox 1378 2066 1657 2115; x_wconf 76' lang='lat' dir='ltr'><strong>attributum</strong></span> <span class='ocrx_word' id='word_1_249' title='bbox 1703 2068 1867 2122; x_wconf 71' lang='grc' dir='ltr'><strong><em>ξεινοῖς</em></strong></span> <span class='ocrx_word' id='word_1_250' title='bbox 1907 2073 1954 2114; x_wconf 89' lang='lat' dir='ltr'><strong>et</strong></span> <span class='ocrx_word' id='word_1_251' title='bbox 1987 2066 2153 2122; x_wconf 76' lang='grc' dir='ltr'><strong><em>ἱκέταις</em></strong></span> <span class='ocrx_word' id='word_1_252' title='bbox 2201 2065 2265 2114; x_wconf 89' lang='lat' dir='ltr'><strong>ab</strong></span> <span class='ocrx_word' id='word_1_253' title='bbox 2298 2064 2451 2114; x_wconf 83' lang='lat' dir='ltr'><strong>Iliade</strong></span> <span class='ocrx_word' id='word_1_254' title='bbox 2485 2063 2684 2113; x_wconf 74' lang='lat' dir='ltr'><strong>exsulat.</strong></span> 
     </span>
     <span class='ocr_line' id='line_1_23' title="bbox 301 2152 2686 2221; baseline -0.001 -17"><span class='ocrx_word' id='word_1_255' title='bbox 301 2154 371 2204; x_wconf 89' lang='lat' dir='ltr'><strong>Ut</strong></span> <span class='ocrx_word' id='word_1_256' title='bbox 401 2152 641 2203; x_wconf 85' lang='lat' dir='ltr'><strong>vocabula</strong></span> <span class='ocrx_word' id='word_1_257' title='bbox 674 2154 1037 2204; x_wconf 82' lang='lat' dir='ltr'><strong>mendicitatem</strong></span> <span class='ocrx_word' id='word_1_258' title='bbox 1070 2155 1393 2220; x_wconf 77' lang='lat' dir='ltr'><strong>significantia</strong></span> <span class='ocrx_word' id='word_1_259' title='bbox 1426 2156 1565 2205; x_wconf 83' lang='lat' dir='ltr'><strong>alteri</strong></span> <span class='ocrx_word' id='word_1_260' title='bbox 1598 2156 1799 2205; x_wconf 87' lang='lat' dir='ltr'><strong>carmini</strong></span> <span class='ocrx_word' id='word_1_261' title='bbox 1832 2154 2091 2221; x_wconf 85' lang='lat' dir='ltr'><strong>peculiaria</strong></span> <span class='ocrx_word' id='word_1_262' title='bbox 2123 2162 2251 2216; x_wconf 89' lang='lat' dir='ltr'><strong>sunt,</strong></span> <span class='ocrx_word' id='word_1_263' title='bbox 2287 2155 2355 2203; x_wconf 85' lang='lat' dir='ltr'><strong>ita</strong></span> <span class='ocrx_word' id='word_1_264' title='bbox 2386 2154 2530 2203; x_wconf 87' lang='lat' dir='ltr'><strong>etiam</strong></span> <span class='ocrx_word' id='word_1_265' title='bbox 2554 2153 2686 2219; x_wconf 92' lang='lat' dir='ltr'><strong>quod</strong></span> 
     </span>
     <span class='ocr_line' id='line_1_24' title="bbox 300 2243 2686 2313; baseline 0 -21"><span class='ocrx_word' id='word_1_266' title='bbox 300 2243 634 2293; x_wconf 85' lang='lat' dir='ltr'><strong>mendicorum</strong></span> <span class='ocrx_word' id='word_1_267' title='bbox 667 2262 861 2309; x_wconf 87' lang='lat' dir='ltr'><strong>pannos</strong></span> <span class='ocrx_word' id='word_1_268' title='bbox 896 2252 1036 2294; x_wconf 81' lang='lat' dir='ltr'><strong>notat</strong></span> <span class='ocrx_word' id='word_1_269' title='bbox 1067 2243 1275 2310; x_wconf 78' lang='grc' dir='ltr'><strong><em>(ῥάκος</em></strong></span> <span class='ocrx_word' id='word_1_270' title='bbox 1304 2249 1351 2307; x_wconf 92' lang='grc' dir='ltr'><strong>Ο,</strong></span> <span class='ocrx_word' id='word_1_271' title='bbox 1394 2247 1474 2313; x_wconf 90' lang='grc'><strong>11)</strong></span> <span class='ocrx_word' id='word_1_272' title='bbox 1510 2254 1559 2296; x_wconf 83' lang='lat' dir='ltr'><strong>et</strong></span> <span class='ocrx_word' id='word_1_273' title='bbox 1591 2246 1722 2311; x_wconf 89' lang='lat' dir='ltr'><strong>quod</strong></span> <span class='ocrx_word' id='word_1_274' title='bbox 1738 2246 2065 2295; x_wconf 87' lang='lat' dir='ltr'><strong>mendicorum</strong></span> <span class='ocrx_word' id='word_1_275' title='bbox 2100 2262 2359 2294; x_wconf 80' lang='lat' dir='ltr'><strong>aerumnas</strong></span> <span class='ocrx_word' id='word_1_276' title='bbox 2392 2246 2498 2309; x_wconf 84' lang='grc' dir='ltr'><strong>δύη</strong></span> <span class='ocrx_word' id='word_1_277' title='bbox 2531 2243 2598 2308; x_wconf 92' lang='grc' dir='ltr'><strong>(Ο,</strong></span> <span class='ocrx_word' id='word_1_278' title='bbox 2633 2243 2686 2308; x_wconf 84' lang='grc'>5)</span> 
     </span>
     <span class='ocr_line' id='line_1_25' title="bbox 300 2334 2685 2399; baseline -0 -15"><span class='ocrx_word' id='word_1_279' title='bbox 300 2334 429 2384; x_wconf 88' lang='lat' dir='ltr'><strong>unde</strong></span> <span class='ocrx_word' id='word_1_280' title='bbox 464 2335 546 2382; x_wconf 80' lang='grc' dir='ltr'><strong>ἆπ.</strong></span> <span class='ocrx_word' id='word_1_281' title='bbox 581 2335 668 2396; x_wconf 86' lang='grc' dir='ltr'><strong><em>εἶρ.</em></strong></span> <span class='ocrx_word' id='word_1_282' title='bbox 704 2336 812 2383; x_wconf 75' lang='grc' dir='ltr'><strong><em>δυά</em></strong></span> <span class='ocrx_word' id='word_1_283' title='bbox 821 2353 862 2382; x_wconf 89' lang='grc' dir='ltr'><em>ω</em></span> <span class='ocrx_word' id='word_1_284' title='bbox 897 2352 925 2383; x_wconf 95' lang='grc' dir='ltr'><strong><em>υ</em></strong></span> <span class='ocrx_word' id='word_1_285' title='bbox 962 2336 1074 2384; x_wconf 85' lang='grc'>195.</span> <span class='ocrx_word' id='word_1_286' title='bbox 1147 2334 1293 2396; x_wconf 81' lang='lat' dir='ltr'><strong>Quod</strong></span> <span class='ocrx_word' id='word_1_287' title='bbox 1326 2336 1419 2386; x_wconf 85' lang='lat' dir='ltr'><strong>hoc</strong></span> <span class='ocrx_word' id='word_1_288' title='bbox 1456 2337 1746 2386; x_wconf 87' lang='lat' dir='ltr'><strong>vocabulum</strong></span> <span class='ocrx_word' id='word_1_289' title='bbox 1787 2335 2006 2385; x_wconf 88' lang='lat' dir='ltr'><strong>miseriae</strong></span> <span class='ocrx_word' id='word_1_290' title='bbox 2048 2335 2273 2384; x_wconf 80' lang='lat' dir='ltr'><strong>tabificae</strong></span> <span class='ocrx_word' id='word_1_291' title='bbox 2323 2335 2377 2383; x_wconf 89' lang='lat' dir='ltr'><strong>in</strong></span> <span class='ocrx_word' id='word_1_292' title='bbox 2417 2334 2685 2399; x_wconf 83' lang='lat' dir='ltr'><strong>posteriore</strong></span> 
     </span>
     <span class='ocr_line' id='line_1_26' title="bbox 300 2423 2686 2492; baseline -0.001 -18"><span class='ocrx_word' id='word_1_293' title='bbox 300 2423 556 2491; x_wconf 86' lang='lat' dir='ltr'><strong>Odysseae</strong></span> <span class='ocrx_word' id='word_1_294' title='bbox 607 2432 748 2490; x_wconf 84' lang='lat' dir='ltr'><strong>parte</strong></span> <span class='ocrx_word' id='word_1_295' title='bbox 801 2425 1136 2490; x_wconf 78' lang='lat' dir='ltr'><strong>frequentatur</strong></span> <span class='ocrx_word' id='word_1_296' title='bbox 1151 2425 1201 2492; x_wconf 76' lang='lat'><strong>³¹⁸)</strong></span> <span class='ocrx_word' id='word_1_297' title='bbox 1217 2463 1229 2487; x_wconf 95' lang='lat'>,</span> <span class='ocrx_word' id='word_1_298' title='bbox 1283 2426 1332 2474; x_wconf 92' lang='lat' dir='ltr'><strong>id</strong></span> <span class='ocrx_word' id='word_1_299' title='bbox 1367 2444 1470 2476; x_wconf 87' lang='lat' dir='ltr'><strong>non</strong></span> <span class='ocrx_word' id='word_1_300' title='bbox 1502 2427 1659 2492; x_wconf 79' lang='lat' dir='ltr'><strong>mag-is</strong></span> <span class='ocrx_word' id='word_1_301' title='bbox 1696 2427 1824 2475; x_wconf 85' lang='lat' dir='ltr'><strong>casui</strong></span> <span class='ocrx_word' id='word_1_302' title='bbox 1857 2425 2187 2485; x_wconf 89' lang='lat' dir='ltr'><strong>tribuendum,</strong></span> <span class='ocrx_word' id='word_1_303' title='bbox 2241 2442 2386 2490; x_wconf 87' lang='lat' dir='ltr'><strong>quam</strong></span> <span class='ocrx_word' id='word_1_304' title='bbox 2423 2424 2556 2490; x_wconf 90' lang='lat' dir='ltr'><strong>quod</strong></span> <span class='ocrx_word' id='word_1_305' title='bbox 2587 2441 2686 2473; x_wconf 85' lang='lat' dir='ltr'><strong>vox</strong></span> 
     </span>
     <span class='ocr_line' id='line_1_27' title="bbox 303 2514 2358 2583; baseline 0 -20"><span class='ocrx_word' id='word_1_306' title='bbox 303 2514 572 2580; x_wconf 82' lang='lat' dir='ltr'><strong>perniciem</strong></span> <span class='ocrx_word' id='word_1_307' title='bbox 602 2515 765 2564; x_wconf 81' lang='lat' dir='ltr'><strong>subito</strong></span> <span class='ocrx_word' id='word_1_308' title='bbox 800 2515 1108 2581; x_wconf 85' lang='lat' dir='ltr'><strong>ingruentem</strong></span> <span class='ocrx_word' id='word_1_309' title='bbox 1143 2524 1322 2565; x_wconf 82' lang='lat' dir='ltr'><strong>notans</strong></span> <span class='ocrx_word' id='word_1_310' title='bbox 1357 2519 1554 2579; x_wconf 68' lang='grc' dir='ltr'><strong><em>λοιγός</em></strong></span> <span class='ocrx_word' id='word_1_311' title='bbox 1591 2517 1689 2581; x_wconf 91' lang='grc'><strong>(21,</strong></span> <span class='ocrx_word' id='word_1_312' title='bbox 1727 2518 1777 2583; x_wconf 91' lang='grc' dir='ltr'>Ο)</span> <span class='ocrx_word' id='word_1_313' title='bbox 1811 2516 1946 2565; x_wconf 90' lang='lat' dir='ltr'><strong>Iliadi</strong></span> <span class='ocrx_word' id='word_1_314' title='bbox 1980 2516 2235 2580; x_wconf 85' lang='lat' dir='ltr'><strong>peculiaris</strong></span> <span class='ocrx_word' id='word_1_315' title='bbox 2270 2524 2358 2565; x_wconf 85' lang='lat' dir='ltr'><strong>est.</strong></span> 
     </span>
    </p>
   </div>
   <div class='ocr_carea' id='block_1_4' title="bbox 299 2645 2686 2989">
    <p class='ocr_par' dir='ltr' id='par_1_4' title="bbox 299 2645 2686 2989">
     <span class='ocr_line' id='line_1_28' title="bbox 435 2645 2685 2719; baseline -0 -19"><span class='ocrx_word' id='word_1_316' title='bbox 435 2650 497 2700; x_wconf 89' lang='lat' dir='ltr'><strong>In</strong></span> <span class='ocrx_word' id='word_1_317' title='bbox 533 2649 758 2719; x_wconf 88' lang='lat' dir='ltr'><strong>Odyssea</strong></span> <span class='ocrx_word' id='word_1_318' title='bbox 793 2652 1183 2718; x_wconf 87' lang='lat' dir='ltr'><strong>peregrinatores</strong></span> <span class='ocrx_word' id='word_1_319' title='bbox 1228 2645 1291 2701; x_wconf 84' lang='lat' dir='ltr'><strong>ad</strong></span> <span class='ocrx_word' id='word_1_320' title='bbox 1325 2670 1436 2701; x_wconf 85' lang='lat' dir='ltr'><strong>oras</strong></span> <span class='ocrx_word' id='word_1_321' title='bbox 1471 2652 1662 2718; x_wconf 84' lang='lat' dir='ltr'><strong>ignotas</strong></span> <span class='ocrx_word' id='word_1_322' title='bbox 1698 2651 1885 2718; x_wconf 86' lang='lat' dir='ltr'><strong>appulsi</strong></span> <span class='ocrx_word' id='word_1_323' title='bbox 1929 2669 2076 2717; x_wconf 90' lang='lat' dir='ltr'><strong>quum</strong></span> <span class='ocrx_word' id='word_1_324' title='bbox 2109 2649 2413 2716; x_wconf 79' lang='lat' dir='ltr'><strong>hospitaliter</strong></span> <span class='ocrx_word' id='word_1_325' title='bbox 2447 2650 2685 2715; x_wconf 85' lang='lat' dir='ltr'><strong>accipiun-</strong></span> 
     </span>
     <span class='ocr_line' id='line_1_29' title="bbox 300 2732 2684 2809; baseline -0.001 -18"><span class='ocrx_word' id='word_1_326' title='bbox 300 2748 379 2791; x_wconf 84' lang='lat' dir='ltr'><strong>tur</strong></span> <span class='ocrx_word' id='word_1_327' title='bbox 412 2748 516 2791; x_wconf 84' lang='lat' dir='ltr'><strong>tum</strong></span> <span class='ocrx_word' id='word_1_328' title='bbox 549 2741 611 2791; x_wconf 87' lang='lat' dir='ltr'><strong>ab</strong></span> <span class='ocrx_word' id='word_1_329' title='bbox 645 2740 919 2809; x_wconf 84' lang='lat' dir='ltr'><strong>hospitibus</strong></span> <span class='ocrx_word' id='word_1_330' title='bbox 954 2741 1181 2808; x_wconf 85' lang='lat' dir='ltr'><strong>benignis</strong></span> <span class='ocrx_word' id='word_1_331' title='bbox 1217 2732 1330 2792; x_wconf 75' lang='lat' dir='ltr'><strong>tutov</strong></span> <span class='ocrx_word' id='word_1_332' title='bbox 1356 2742 1524 2792; x_wconf 88' lang='lat' dir='ltr'><strong>itinere</strong></span> <span class='ocrx_word' id='word_1_333' title='bbox 1560 2742 1754 2792; x_wconf 91' lang='lat' dir='ltr'><strong>domum</strong></span> <span class='ocrx_word' id='word_1_334' title='bbox 1787 2742 2050 2805; x_wconf 83' lang='lat' dir='ltr'><strong>mittuntur.</strong></span> <span class='ocrx_word' id='word_1_335' title='bbox 2106 2740 2360 2802; x_wconf 84' lang='lat' dir='ltr'><strong>Quatenus</strong></span> <span class='ocrx_word' id='word_1_336' title='bbox 2395 2759 2508 2791; x_wconf 86' lang='lat' dir='ltr'><strong>usus</strong></span> <span class='ocrx_word' id='word_1_337' title='bbox 2543 2758 2684 2789; x_wconf 53' lang='lat' dir='ltr'><strong>vocae</strong></span> 
     </span>
     <span class='ocr_line' id='line_1_30' title="bbox 299 2829 2686 2900; baseline 0 -20"><span class='ocrx_word' id='word_1_338' title='bbox 299 2829 525 2881; x_wconf 89' lang='lat' dir='ltr'><strong>bulorum</strong></span> <span class='ocrx_word' id='word_1_339' title='bbox 560 2832 623 2880; x_wconf 86' lang='lat' dir='ltr'><strong>ab</strong></span> <span class='ocrx_word' id='word_1_340' title='bbox 658 2832 752 2881; x_wconf 89' lang='lat' dir='ltr'><strong>hac</strong></span> <span class='ocrx_word' id='word_1_341' title='bbox 780 2841 917 2899; x_wconf 87' lang='lat' dir='ltr'><strong>parte</strong></span> <span class='ocrx_word' id='word_1_342' title='bbox 937 2832 1208 2899; x_wconf 82' lang='lat' dir='ltr'><strong>argumenti</strong></span> <span class='ocrx_word' id='word_1_343' title='bbox 1233 2833 1532 2900; x_wconf 83' lang='lat' dir='ltr'><strong>pependerit,</strong></span> <span class='ocrx_word' id='word_1_344' title='bbox 1570 2833 1790 2899; x_wconf 88' lang='lat' dir='ltr'><strong>exempla</strong></span> <span class='ocrx_word' id='word_1_345' title='bbox 1815 2831 2179 2882; x_wconf 87' lang='lat' dir='ltr'><strong>monstrabunt:</strong></span> <span class='ocrx_word' id='word_1_346' title='bbox 2218 2834 2537 2898; x_wconf 72' lang='grc' dir='ltr'><strong><em>φιλόξεινος</em></strong></span> <span class='ocrx_word' id='word_1_347' title='bbox 2568 2832 2615 2893; x_wconf 94' lang='grc' dir='ltr'><strong>Ο,</strong></span> <span class='ocrx_word' id='word_1_348' title='bbox 2653 2834 2686 2880; x_wconf 90' lang='grc'>4</span> 
     </span>
     <span class='ocr_line' id='line_1_31' title="bbox 301 2912 2683 2989; baseline 0 -19"><span class='ocrx_word' id='word_1_349' title='bbox 301 2920 514 2988; x_wconf 88' lang='lat' dir='ltr'><strong>(semper</strong></span> <span class='ocrx_word' id='word_1_350' title='bbox 547 2921 599 2969; x_wconf 89' lang='lat' dir='ltr'><strong>in</strong></span> <span class='ocrx_word' id='word_1_351' title='bbox 633 2922 842 2973; x_wconf 88' lang='lat' dir='ltr'><strong>formula</strong></span> <span class='ocrx_word' id='word_1_352' title='bbox 876 2926 935 2989; x_wconf 79' lang='grc' dir='ltr'><strong>ἠὲ</strong></span> <span class='ocrx_word' id='word_1_353' title='bbox 970 2912 1211 2988; x_wconf 76' lang='grc' dir='ltr'><strong><em>φιλόξεινοι</em></strong></span> <span class='ocrx_word' id='word_1_354' title='bbox 1247 2925 1331 2972; x_wconf 80' lang='grc' dir='ltr'><strong>καί</strong></span> <span class='ocrx_word' id='word_1_355' title='bbox 1359 2941 1462 2987; x_wconf 77' lang='grc' dir='ltr'><strong><em>σφιν</em></strong></span> <span class='ocrx_word' id='word_1_356' title='bbox 1498 2925 1602 2979; x_wconf 85' lang='grc' dir='ltr'><strong><em>νόος</em></strong></span> <span class='ocrx_word' id='word_1_357' title='bbox 1625 2924 1722 2972; x_wconf 80' lang='grc' dir='ltr'><strong><em>ἐστὶ</em></strong></span> <span class='ocrx_word' id='word_1_358' title='bbox 1750 2925 1954 2989; x_wconf 75' lang='grc' dir='ltr'><strong><em>θεουδής</em></strong></span> <span class='ocrx_word' id='word_1_359' title='bbox 1986 2927 2017 2980; x_wconf 76' lang='grc' dir='ltr'><em>ζ</em></span> <span class='ocrx_word' id='word_1_360' title='bbox 2027 2925 2124 2972; x_wconf 78' lang='grc'><strong>’121</strong></span> <span class='ocrx_word' id='word_1_361' title='bbox 2165 2925 2309 2973; x_wconf 73' lang='grc'><strong>8576</strong></span> <span class='ocrx_word' id='word_1_362' title='bbox 2347 2941 2360 2970; x_wconf 90' lang='grc' dir='ltr'><strong><em>ι</em></strong></span> <span class='ocrx_word' id='word_1_363' title='bbox 2390 2925 2482 2972; x_wconf 82' lang='grc'><strong>176</strong></span> <span class='ocrx_word' id='word_1_364' title='bbox 2521 2940 2543 2970; x_wconf 91' lang='grc' dir='ltr'><strong><em>ν</em></strong></span> <span class='ocrx_word' id='word_1_365' title='bbox 2563 2923 2683 2984; x_wconf 75' lang='lat'><strong>2023</strong></span> 
     </span>
    </p>
   </div>
   <div class='ocr_carea' id='block_1_5' title="bbox 310 3069 587 3076">
    <p class='ocr_par' dir='ltr' id='par_1_5' title="bbox 310 3069 587 3076">
     <span class='ocr_line' id='line_1_32' title="bbox 310 3069 587 3076; baseline 0 0"><span class='ocrx_word' id='word_1_366' title='bbox 310 3069 587 3076; x_wconf 95' lang='lat' dir='ltr'><strong> </strong></span> 
     </span>
    </p>
   </div>
   <div class='ocr_carea' id='block_1_6' title="bbox 456 3159 1541 3218">
    <p class='ocr_par' dir='ltr' id='par_1_6' title="bbox 456 3159 1541 3218">
     <span class='ocr_line' id='line_1_33' title="bbox 456 3159 1541 3218; baseline -0.009 -9"><span class='ocrx_word' id='word_1_367' title='bbox 456 3168 489 3209; x_wconf 78' lang='lat'><strong>&#39;)</strong></span> <span class='ocrx_word' id='word_1_368' title='bbox 527 3177 550 3213; x_wconf 77' lang='grc' dir='ltr'><em>ν</em></span> <span class='ocrx_word' id='word_1_369' title='bbox 583 3160 658 3202; x_wconf 82' lang='grc'><strong>151</strong></span> <span class='ocrx_word' id='word_1_370' title='bbox 692 3164 837 3218; x_wconf 83' lang='grc' dir='ltr'><strong><em>(πῆμα</em></strong></span> <span class='ocrx_word' id='word_1_371' title='bbox 869 3161 990 3218; x_wconf 70' lang='grc' dir='ltr'><strong><em>δύης)</em></strong></span> <span class='ocrx_word' id='word_1_372' title='bbox 1023 3163 1047 3213; x_wconf 79' lang='grc' dir='ltr'><em>ξ</em></span> <span class='ocrx_word' id='word_1_373' title='bbox 1075 3160 1172 3212; x_wconf 81' lang='grc'><strong>215,</strong></span> <span class='ocrx_word' id='word_1_374' title='bbox 1206 3159 1288 3203; x_wconf 87' lang='grc'><strong>338</strong></span> <span class='ocrx_word' id='word_1_375' title='bbox 1320 3174 1347 3203; x_wconf 88' lang='grc' dir='ltr'><strong><em>σ</em></strong></span> <span class='ocrx_word' id='word_1_376' title='bbox 1375 3159 1444 3209; x_wconf 83' lang='grc'><strong>53,</strong></span> <span class='ocrx_word' id='word_1_377' title='bbox 1475 3159 1541 3201; x_wconf 81' lang='grc'><strong>80.</strong></span> 
     </span>
    </p>
   </div>
  </div>
 </body>
</html>
